4320 5902
1001 545 1071 617 11·

996 715 1066 779 vll.

318 846 526 912 Gracchorum
549 848 657 911 seditio
684 847 840 911 avelleio
870 849 913 910 ita
935 853 1099 921 tractetur,
1132 851 1168 908 ιιι
1192 845 1256 906 sine
1277 845 1339 906 ulto
1361 844 1491 927 partium
1509 843 1607 904 studio
1628 847 1660 905 et
1680 842 1766 922 leges
1785 843 1825 904 ab
1869 864 1872 870 ’

216 965 277 1028 illis
298 964 380 1026 lates
400 966 564 1037 enumeret,
584 967 617 1024 et
637 966 763 1024 mortem
780 982 883 1026 eorum
903 963 1062 1038 describet,
1083 963 1151 1037 imo,
1170 980 1238 1023 oum
1258 960 1361 1044 plures
1384 962 1507 1021 exstent
1517 958 1622 1020 mortis
1638 956 1681 1018 Ti
1696 956 1826 1021 Gracchi

217 1078 452 1161 descriptiones,
485 1075 622 1138 Velleius
647 1078 745 1139 minua
770 1078 961 1161 optimatibus
987 1077 1182 1140 fauorabilem
1201 1081 1324 1137 secutus
1344 1074 1465 1135 uidetur
1482 1092 1559 1133 ease.
1600 1071 1703 1133 Mores
1723 1077 1825 1133 autem

218 1193 431 1273 ingeniumque
458 1192 613 1273 utriusque
633 1191 763 1256 Gracchi
786 1193 900 1254 meritis
925 1192 1064 1254 laudibus
1085 1191 1279 1254 extolluntur.
1323 1189 1439 1250 Deinde
1459 1187 1502 1249 Ti
1528 1188 1699 1251 Gracchum
1713 1190 1827 1248 narret

220 1310 357 1372 ommbne
378 1308 493 1370 Italicis
519 1307 682 1369 ciuitatem·
698 1326 766 1368 esse
793 1307 957 1390 pollicitum
976 1307 1170 1387 agrariasque
1190 1307 1275 1385 leges
1295 1305 1413 1380 tulisse,
1443 1304 1572 1365 omnium
1588 1309 1700 1366 statum
1721 1321 1826 1363 coneu·

221 1423 339 1486 tientes
368 1406 503 1494 Quorum
521 1423 596 1484 illud
616 1425 721 1504 postea
741 1422 932 1484 confirmatur
952 1423 991 1501 (2.
1004 1421 1093 1498 em),
1112 1420 1163 1482 ubi
1182 1420 1286 1495 Gaius,
1306 1420 1395 1499 longe
1417 1419 1530 1480 maiora
1548 1426 1581 1479 et
1599 1419 1715 1479 acriora
1730 1419 1825 1478 fratre
1940 1458 1942 1464 -

223 1541 371 1621 repetem,
393 1537 529 1598 omuibus
549 1537 663 1599 Italicis
684 1537 757 1597 dare
774 1537 926 1598 ciuitatem
947 1541 1111 1622 temptasse
1132 1536 1247 1596 dicitur.
1279 1534 1339 1596 Sed
1360 1535 1442 1595 illam
1463 1534 1561 1613 legem
1582 1552 1654 1593 uere
1673 1552 1691 1593 a
1708 1531 1825 1607 Tiberio

223 1653 316 1715 latam
333 1671 402 1713 esse
421 1670 520 1731 neque
537 1651 618 1712 ullus
638 1651 714 1712 alins
733 1669 834 1711 rerum
854 1651 981 1732 scriptor
1001 1656 1221 1725 commemorat,
1242 1669 1338 1729 neque
1357 1649 1474 1710 omnino
1493 1648 1646 1730 probabile
1658 1653 1713 1721 est,
1734 1646 1825 1707 talem

225 1765 314 1829 tetius
338 1764 520 1846 reipublioee
547 1763 772 1841 conuersionem
795 1782 863 1824 eum
890 1764 1049 1846 adpetisse.
1091 1764 1152 1825 sed
1175 1783 1243 1825 cum
1263 1765 1355 1825 semel
1376 1764 1428 1824 illa
1447 1763 1485 1822 de
1508 1763 1628 1823 ciuitate
1647 1762 1699 1822 lex
1717 1759 1825 1821 cotidie

223 1880 281 1942 dlis
307 1879 492 1962 temporibus
520 1879 674 1939 imminere
699 1861 869 1952 uideretur,
906 1898 1032 1959 cumque
1058 1879 1122 1939 iure
1153 1879 1240 1940 sociis
1271 1879 1422 1940 ciuitatem
1448 1877 1592 1957 denegari
1618 1896 1677 1938 norr
1699 1876 1825 1958 amplius

127 1986 134 1997 ’
222 2000 325 2077 possa,
352 1996 391 2055 ab
418 1994 553 2055 omnibus
578 1993 818 2072 intellegeretur,
852 1993 926 2053 illud
953 1994 1050 2074 ipsum
1075 2012 1177 2054 omnes
1196 2013 1341 2055 nouarum
1361 2012 1462 2052 rerum
1481 1993 1629 2053 studiosos
1650 1991 1747 2052 moliri
1767 2009 1826 2051 non

221 2109 329 2170 iniuria
349 2109 585 2190 suspicabantur.
605 2143 647 2155 -
663 2107 757 2169 Porro
776 2109 832 2169 hae
852 2109 882 2168 in
901 2108 1071 2169 narratione
1095 2107 1229 2168 Velleius
1248 2128 1306 2168 non
1326 2108 1472 2181 distinxit,
1494 2108 1539 2167 bis
1560 2106 1678 2167 comitia
1698 2106 1737 2164 de
1757 2105 1825 2184 lege

221 2224 343 2303 agraria
362 2223 465 2283 habita
484 2241 551 2283 esse
572 2223 629 2297 ita,
651 2229 685 2282 ut
702 2223 847 2304 prioribus
869 2222 1012 2283 Octauius
1038 2222 1254 2297 intercederet,
1275 2221 1411 2283 Tiberius
1432 2242 1496 2281 rem
1517 2221 1634 2282 senatui
1654 2220 1751 2280 denuo
1773 2238 1826 2279 ex·

222 2344 363 2420 poneret,
398 2339 436 2399 ab
469 2308 563 2417 eoque
591 2338 730 2419 repulsus
754 2337 886 2398 tenacior
913 2337 1003 2398 etiam
1030 2337 1172 2419 propositi
1188 2336 1288 2396 tieret:
1322 2337 1426 2397 alteris
1447 2340 1547 2397 autern
1567 2335 1695 2417 primum
1715 2334 1754 2393 de
1776 2333 1826 2393 tri·

223 2455 303 2515 buno
331 2452 370 2534 pb
399 2456 503 2514 contra
528 2452 621 2534 ipsius
640 2451 736 2533 plebis
758 2453 911 2562 commoda
933 2451 1003 2531 quid
1023 2451 1193 2512 molientem
1214 2450 1266 2510 lex
1283 2452 1399 2531 perlata
1420 2453 1483 2524 est,
1505 2450 1613 2510 deinde
1633 2451 1685 2510 lex
1707 2449 1826 2530 agraria

224 2569 404 2630 confirmata.
438 2567 502 2645 (etr.
522 2565 700 2640 Nitzschius,
721 2564 849 2627 Gracchi
871 2565 979 2644 (Barol.
998 2566 1094 2641 1817.)
1115 2587 1143 2647 p.
1164 2567 1327 2641 307-310.)
1370 2564 1470 2625 Tiberi
1487 2566 1534 2626 hie
1553 2566 1653 2626 statim
1674 2585 1754 2626 mors
1776 2583 1826 2624 ne·

224 2682 448 2762 glegentr'ssime
478 2681 658 2759 adiungitur.
708 2679 791 2759 Iege
818 2681 896 2740 euim
917 2680 1037 2759 agraria
1055 2680 1117 2741 lats
1137 2680 1175 2740 de
1196 2688 1270 2759 agro
1289 2679 1476 2759 Pergameno
1496 2680 1695 2740 dissensiones
1717 2679 1827 2740 iterum

120 2797 121 2800 ’
224 2801 308 2858 ortae
317 2802 396 2856 sunt.
421 2794 526 2874 Neque
538 2814 610 2855 uero
622 2795 788 2875 optimates,
810 2814 868 2875 quo
878 2795 975 2885 minus
986 2794 1038 2855 lex
1050 2796 1170 2874 agreria
1182 2796 1356 2870 sanciretur,
1370 2795 1514 2877 impedire
1526 2794 1623 2855 conati
1638 2797 1715 2867 sunt,
1739 2793 1827 2854 sicuti

224 2930 266 2972 ex
286 2909 385 2971 Vellei
405 2911 490 2989 (23,
504 2912 542 2988 1.)
561 2910 732 2971 narratione
753 2908 861 2989 conligi
880 2909 982 2990 possit,
997 2909 1051 2969 sed
1068 2928 1126 2987 quo
1147 2910 1243 2969 minus
1264 2908 1401 2970 Tiberius
1422 2910 1551 2970 alterum
1570 2909 1753 2970 tribunatrun
1775 2906 1827 2968 ed·

225 3029 408 3106 sequeretur.
451 3024 641 3104 Quamquam
659 3028 761 3085 autem
776 3023 916 3085 Nasicam
932 3024 1055 3084 summis
1074 3024 1213 3085 laudibus
1231 3023 1327 3098 ctiert,
1350 3029 1451 3085 tamen
1471 3042 1548 3103 quae
1568 3024 1606 3083 dc
1628 3023 1756 3086 Gracchi
1784 3021 1826 3103 in·

225 3140 400 3202 terfectione
420 3142 514 3201 refert
534 3141 623 3220 longe
640 3139 773 3221 turpiore
784 3146 854 3200 sunt
867 3139 1022 3214 nobilitati,
1040 3159 1128 3219 quem
1144 3158 1221 3219 quac
1233 3138 1412 3200 Plutarchus
1424 3145 1455 3198 et
1465 3138 1628 3220 Appianas.
1647 3136 1827 3215 (Nitzschius

224 3256 305 3332 439.)
326 3253 506 3316 Plutarchus
524 3254 603 3315 enim
618 3260 723 3316 narrat
739 3253 794 3333 (Ti.
812 3256 944 3331 rere),
963 3253 1122 3329 Tiberium,
1142 3256 1192 3316 ubi
1213 3224 1321 3316 certior
1341 3256 1438 3314 taetus
1459 3258 1548 3327 esset,
1570 3255 1723 3312 senatores
1735 3249 1827 3311 inuito

225 3368 483 3450 consule(18‚2.)
503 3369 600 3451 ipsum
615 3369 783 3431 interficere
804 3370 894 3445 uelle,
914 3389 947 3430 se
970 3375 1002 3430 et
1016 3370 1125 3430 andem
1148 3369 1322 3443 armarrisse,
1340 3375 1374 3428 ut
1392 3369 1451 3428 illis
1472 3369 1634 3428 resisteret.
1672 3366 1827 3452 Appianus

225 3484 270 3564 (B.
292 3483 324 3546 Ο.
350 3486 375 3559 1,
398 3486 452 3560 15.)
475 3482 625 3547 Tiberium
651 3485 682 3544 in
708 3484 832 3545 comitiis
853 3485 973 3563 signum
1000 3485 1071 3545 t‘acit
1095 3485 1224 3545 dantem.
1266 3484 1333 3554 Quo
1350 3486 1428 3545 tacto
1450 3483 1550 3545 stetinr
1569 3482 1755 3563 optimatium
1776 3479 1828 3541 ad·

226 3599 323 3660 seclae
343 3599 487 3680 expulsos
508 3617 584 3699 esse.
620 3598 676 3658 His
698 3599 832 3660 omnibus
855 3597 893 3658 dc
913 3600 1003 3658 rebus
1023 3598 1054 3658 in
1071 3605 1209 3659 neutram
1231 3602 1348 3679 partem
1366 3599 1527 3678 quidquem
1538 3598 1683 3660 Velleius.
1716 3594 1828 3656 Contra

226 3711 420 3788 Plutarchus,
448 3713 577 3792 alioquin
597 3712 806 3773 fauorabiliora
826 3711 962 3775 Graccho
982 3732 1122 3788 narrans,
1149 3712 1329 3792 (Nitsschius
1349 3715 1430 3790 4411.)
1451 3682 1578 3775 Nasicae
1599 3715 1711 3776 factum
1730 3717 1830 3795 minus

226 3831 314 3910 turpe
334 3826 427 3888 frriase
448 3826 597 3887 describit.
641 3825 719 3887 Nam
738 3827 769 3887 in
789 3827 918 3901 Senatu,
947 3845 1005 3906 quo
1026 3827 1175 3908 perlatum
1196 3832 1290 3902 esset,
1312 3828 1482 3890 Gracchum
1502 3800 1671 3890 adfectasse
1692 3850 1828 3910 regnum,

226 3939 286 4022 (Ger
306 3940 401 4016 οὗτος
421 3941 531 4006 ἑαυτὸν
557 3947 587 4015 ἐς
609 3941 640 4005 τὸ
664 3945 771 4022 μέλλον
791 3945 948 4021 δήμαρχον
971 3943 1044 4006 ἄνευ
1067 3951 1253 4023 χειροτονίας
1274 3941 1453 4019 ἀποφαίνει)
1474 3943 1626 4004 censuisse
1646 3963 1715 4005 eum
1735 3947 1830 4008 refert

226 4056 288 4136 (19,
311 4056 367 4132 3.);
393 4056 518 4117 uideant
543 4054 681 4116 consules
708 4059 928 4136 tyrannumque
949 4056 1121 4133 tollant¹²).
1160 4056 1216 4118 Cui
1235 4076 1302 4117 cunr
1324 4056 1427 4118 consul
1447 4058 1612 4138 paritunmr
1633 4079 1666 4118 se
1689 4079 1757 4120 esse
1777 4080 1828 4121 ne·

226 4170 322 4251 gerit,
348 4167 458 4231 Nasica
486 4170 653 4249 ceterique,
673 4171 802 4231 fustibus
829 4171 945 4245 armati,
964 4169 1134 4232 Gracchum
1154 4171 1313 4242 trucidant
1354 4172 1461 4251 ltaque
1481 4171 1592 4234 Nasica
1611 4193 1670 4234 non
1687 4175 1770 4257 prius
1792 4193 1829 4237 ee

226 4303 304 4364 quae
321 4284 400 4345 bona
420 4302 488 4344 esse
509 4284 598 4344 duxit
615 4285 816 4366 perpetreuit,
836 4303 925 4363 quam
946 4283 1058 4360 consul,
1078 4284 1128 4363 qui
1146 4285 1306 4345 tumultum
1327 4291 1428 4366 posset
1450 4287 1595 4365 inhibere,
1615 4288 1687 4348 nihil
1707 4290 1829 4351 uiolenti

225 4416 260 4460 se
280 4400 430 4460 factunm
448 4417 525 4472 esse,
545 4399 645 4480 palam
666 4400 818 4479 protessus
838 4401 893 4458 est.
914 4397 1094 4477 (Nitzschius
1114 4399 1181 4462 326.
1204 4371 1340 4474 Pet-erus,
1361 4399 1399 4459 H.
1415 4400 1451 4460 R.
1468 4402 1496 4475 2,
1520 4404 1576 4477 16.)
1599 4368 1731 4466 ΙΟοιιιοιι
1749 4403 1829 4486 apud

226 4512 375 4574 Velleium
396 4511 506 4573 Nasica
525 4513 616 4585 nulla,
640 4519 674 4573 ut
695 4512 822 4587 uidetur,
842 4515 968 4591 cogente
988 4513 1167 4574 necessitate
1187 4514 1289 4574 stetim
1309 4515 1339 4573 in
1361 4514 1513 4576 Grachum
1536 4517 1655 4595 ingruit.
1732 4494 1736 4515 ⁴

326 4627 423 4688 Multo
443 4627 534 4688 etiam
553 4628 651 4688 minus
670 4627 806 4689 ordinata
826 4632 896 4687 sunt
916 4645 968 4702 ea,
991 4647 1067 4706 quae
1087 4627 1221 4688 Velleius
1243 4628 1281 4687 de
1303 4628 1360 4690 Gai
1381 4629 1579 4691 tribunatibus
1600 4634 1699 4694 ret'ert.
1742 4631 1829 4695 Tam·

227 4742 284 4804 etsi
310 4761 407 4824 paene
432 4741 588 4802 ridiculum
615 4742 748 4815 uidetur,
769 4761 847 4815 eum,
871 4726 948 4821 qr'rod
970 4741 1044 4832 dolo¹
1060 4742 1137 4802 melo
1161 4742 1220 4804 alia
1240 4763 1313 4803 uera
1329 4762 1396 4802 esse
1418 4745 1555 4820 senserit,
1578 4747 1637 4807 elia
1661 4725 1830 4809 narrauerit

227 4875 364 4935 arguere.
387 4855 660 4934 (Nitesohius452.)
703 4855 835 4917 Primum
855 4856 943 4929 eninr,
964 4856 1130 4936 quicunque
1145 4855 1244 4916 Vellei
1267 4858 1490 4936 neglegentiam
1512 4862 1693 4939 cognouerit,
1715 4862 1830 4923 intelle-

227 4974 295 5050 get,
321 4970 363 5031 nil
387 4971 416 5030 ei
434 4989 502 5030 esse
525 4970 679 5044 usitatius,
704 4991 793 5050 quam
818 4990 894 5050 quae
915 4976 1054 5052 ¹tempore
1081 4971 1179 5052 priora
1200 4975 1269 5031 sunt
1289 4982 1474 5053 postponere.
1517 4974 1632 5035 Deinde
1655 4996 1723 5037 cum
1745 4978 1830 5057 leges

333 5156 372 5220 ¹¹)
392 5155 474 5206 Verba
497 5157 553 5223 ipsa
578 5157 708 5207 Plutarchi
736 5156 864 5208 adscribo:
892 5153 943 5209 τὸν
967 5152 1071 5207 {batos
1096 5159 1128 5229 τῇ
1155 5153 1232 5208 πόλει
1255 5155 1369 5224 βοηθεῖν
1392 5161 1434 5207 καὶ
1459 5155 1600 5210 καταλύειν
1621 5159 1671 5214 τὸν
1689 5161 1823 5235 τύραννον

228 5243 295 5293 Nam
312 5243 491 5294 Mommsenius
511 5247 540 5307 2,
560 5245 601 5294 88.
626 5242 688 5293 haee
711 5243 748 5293 ita
772 5252 869 5294 uertere
895 5260 944 5293 non
972 5243 1115 5296 dubitauit:
1143 5243 1297 5311 perduellem
1325 5245 1443 5295 continuo
1473 5262 1526 5297 osse
1555 5248 1767 5309 interficiendum,
1786 5252 1830 5304 der

226 5328 405 5381 messer
422 5335 515 5383 mdeste
529 5333 610 5383 sotort
629 5334 727 5396 getbtet
742 5332 853 5381 amdan!

1601 5424 1620 5485 3
