4290 5902
1128 534 1170 609 12

348 718 351 723 “
437 701 564 763 Praeter
590 700 762 764 Ciceronem
789 700 953 763 Salustium
978 700 1153 782 Iiuiumque
1181 701 1343 763 imitatione
1374 698 1532 763 avelleio
1556 718 1719 782 expressos
1742 718 1826 775 esse,
1846 719 1940 783 saepo

338 816 451 879 dictum
469 823 517 878 eet
535 819 625 896 atque
644 815 746 877 multis
765 816 837 878 locis
857 818 1063 898 conprobatur.
1084 817 1150 896 (cir.
1164 815 1363 879 Ruhnkenius
1388 819 1412 876 1.
1431 816 1460 890 3,
1481 817 1500 876 5
1521 835 1549 897 p.
1561 816 1622 892 35.)
1654 815 1704 876 Ad
1721 832 1825 876 eornm
1836 819 1937 876 autem

335 931 557 993 similitudinem
567 949 627 991 non
636 931 732 991 solum
750 931 900 993 scribendi
910 950 1007 1010 genus
1017 951 1087 992 eum
1097 934 1306 1005 conformasse,
1327 930 1488 992 sedetiam
1504 948 1605 991 rerum
1616 928 1751 990 notitiam
1762 948 1804 988 ex
1819 928 1939 1010 scriptis

336 1064 439 1108 eorum
459 1045 515 1106 sihi
535 1064 734 1127 comparasse,
752 1046 904 1127 probabile
925 1049 979 1107 est
1023 1045 1202 1127 Quanquam
1219 1047 1275 1107 hoc
1293 1045 1324 1106 15
1336 1045 1474 1120 Salustio,
1494 1044 1578 1105 ouius
1598 1044 1787 1105 historiarum
1806 1043 1939 1105 maxima

336 1180 408 1244 para
432 1160 593 1236 interierit,
620 1180 680 1222 non
705 1164 806 1242 potest
831 1161 905 1222 satis
926 1163 1008 1222 certo
1027 1161 1233 1223 demonstrari.
1279 1160 1380 1240 Atque
1400 1151 1523 1221 511515
1544 1177 1758 1241 saepenumero
1779 1158 1940 1240 discrepat

337 1275 498 1357 (Ssuppius
522 1276 600 1351 147.)
642 1274 719 1337 Sunt
738 1280 854 1350 15555,
882 1275 989 1355 quibus
1015 1274 1133 1337 Iirrinm
1157 1295 1226 1336 eum
1254 1275 1301 1336 hio
1326 1275 1387 1336 illic
1407 1274 1508 1334 55115
1526 1293 1627 1335 rerum
1645 1273 1833 1335 enarratione
1855 1292 1940 1334 secu·

337 1393 401 1451 tum
432 1408 500 1451 esse
525 1389 589 1449 ueri
614 1389 669 1450 fiat
692 1389 797 1449 simile.
852 1388 940 1459 Quod
964 1390 1095 1450 maxime
1121 1390 1312 1451 5551155155
1338 1395 1385 1451 est
1409 1389 1441 1450 iu
1460 1407 1496 1450 eo
1516 1391 1649 1471 tempore
1669 1388 1852 1462 enarrando,
1880 1406 1941 1467 quo

337 1503 448 1567 bellum
470 1509 573 1565 contra
593 1503 738 1565 Perseum
757 1509 877 1582 gestum
899 1510 961 1579 est,
986 1523 1101 1584 quoque
1122 1505 1247 1566 Fuluius
1267 1505 1394 1566 Flaccus
1414 1508 1446 1564 et
1464 1503 1633 1564 Postumius
1654 1503 1780 1564 Albinus
1798 1520 1938 1563 censores

337 1618 466 1680 luerunt.
507 1617 627 1678 Etenim
647 1619 763 1679 etiamsi
782 1617 952 1694 11515545,
971 1621 1019 1681 40.
1041 1619 1137 1679 511155
1155 1619 1310 1680 ducenties
1328 1618 1368 1679 la
1390 1618 1429 1693 S,
1445 1616 1582 1678 Velleius
1603 1620 1642 1696 (1.
1663 1618 1692 1691 9,
1713 1618 1754 1694 6.)
1777 1616 1940 1678 bismilies

339 1733 451 1794 centies
478 1731 619 1794 aPanllo
647 1732 677 1793 15
698 1733 846 1794 aerarium
868 1733 1035 1815 depositum
1055 1753 1123 1793 esse
1143 1734 1282 1811 15511111),
1310 1739 1411 1795 15555
1431 1733 1498 1794 Liui
1517 1752 1586 1792 eum
1606 1732 1759 1793 historiam
1780 1734 1850 1793 ante
1871 1750 1940 1793 ocu·

338 1848 384 1910 los
407 1848 556 1922 habuisse,
575 1867 634 1908 nou
655 1852 716 1909 tarn
739 1867 780 1908 ex
800 1848 1000 1922 similitudine,
1020 1868 1110 1938 quam
1131 1868 1172 1908 ex
1190 1849 1278 1923 511115,
1298 1849 1406 1928 quihus
1417 1867 1483 1908 eam
1498 1846 1637 1928 corrupit,
1654 1846 1843 1907 5551155155
1856 1846 1941 1907 uide-

337 1969 395 2024 tur.
437 1964 482 2024 Ao
503 1963 663 2023 similitudo
684 1963 803 2043 quidem
824 1963 954 2024 maximo
975 1983 1064 2045 opere
1084 1963 1114 2024 in
1136 1963 1180 2023 eis
1198 1964 1343 2036 cernitur,
1364 1982 1441 2043 quae
1461 1961 1499 2021 de
1519 1981 1646 2023 censura
1665 1961 1765 2022 Flacci
1784 1966 1817 2021 et
1837 1959 1938 2021 Albini

337 2078 380 2139 ita
400 2078 500 2152 tradit,
522 2085 557 2138 ut
574 2077 717 2139 consortis
738 2079 863 2138 uerbum
882 2078 962 2160 apud
982 2083 1141 2157 utrumque
1164 2085 1332 2159 usurpetur.
1355 2077 1403 2156 (V.
1421 2080 1444 2138 1.
1469 2078 1515 2151 10,
1527 2078 1554 2137 5.
1577 2075 1642 2137 Liu.
1662 2078 1711 2150 41,
1731 2077 1792 2152 27.)
1823 2075 1939 2136 Deinde
1985 2105 1987 2108 >

339 2193 418 2274 apud
437 2192 554 2253 Liuium
575 2194 635 2272 (45,
655 2194 715 2269 41.)
736 2212 804 2252 555
823 2191 947 2253 Paullus
967 2192 1005 2252 de
1026 2194 1116 2253 rebus
1137 2213 1156 2254 5
1173 2212 1206 2251 55
1226 2192 1321 2271 gestis
1341 2192 1438 2271 deque
1459 2191 1542 2252 luctu
1563 2192 1726 2252 comestos
1745 2192 1840 2252 uerba
1860 2190 1940 2264 15511,

341 2326 374 2369 55
395 2312 523 2389 optasse,
546 2307 625 2383 dicit,
647 2311 681 2368 51
699 2307 902 2383 mutationem,
922 2307 1008 2386 siqua
1028 2307 1129 2368 sutura
1148 2312 1237 2381 esset,
1257 2308 1394 2367 fortunae
1413 2306 1506 2387 ipsius
1528 2305 1633 2366 domus
1654 2305 1751 2388 potius
1771 2325 1861 2385 quam
1879 2290 1952 2366 res-⁸

339 2422 458 2505 publica
484 2422 617 2482 sentiret.
663 2421 749 2492 Quae
775 2442 827 2482 res
851 2423 893 2484 115
920 2441 979 2483 555
997 2421 1061 2482 5155
1084 2442 1190 2482 caussa
1211 2441 1230 2483 5
1248 2440 1308 2482 555
1327 2419 1416 2480 nullis
1436 2420 1629 2502 scriptoribus
1649 2420 1738 2500 (Plut.
1763 2420 1942 2495 1551136,

338 2539 367 2598 4.
389 2535 456 2597 Val.
474 2536 557 2598 Max.
570 2538 598 2597 5.
613 2537 697 2611 1112.
722 2536 855 2618 Scriptor
875 2536 913 2597 de
934 2538 988 2597 515
1009 2537 1114 2597 illustr.
1127 2538 1187 2614 56.)
1208 2536 1346 2609 refertur,
1367 2541 1401 2597 ut
1411 2535 1550 2598 Paullum
1571 2536 1646 2597 illud
1666 2536 1752 2597 ediis
1768 2540 1941 2619 precantem

255 2713 260 2721 ,
339 2651 457 2713 1551551.
504 2651 547 2712 At
566 2650 702 2711 Velleius
722 2651 860 2713 Paullum
882 2651 988 2725 tradit,
1008 2651 1038 2712 in
1058 2651 1123 2732 ipss
1144 2651 1291 2726 oratione,
1312 2671 1402 2730 quarn
1421 2656 1491 2713 5515
1513 2651 1696 2734 triumphum
1716 2651 1855 2723 heberet,
1872 2649 1940 2711 illas

339 2785 429 2827 uoces
453 2765 573 2826 fudisse.
627 2766 713 2836 Quae
734 2765 865 2826 narratio
892 2769 930 2844 (1.
958 2767 1002 2842 lt),
1025 2767 1065 2842 4.)
1094 2769 1197 2847 aperte
1227 2786 1263 2827 eo
1283 2770 1349 2827 orta
1364 2770 1420 2841 est,
1455 2765 1534 2846 quod
1556 2765 1734 2839 orationem,
1763 2784 1854 2845 quam
1872 2767 1941 2846 post

339 2881 520 2961 triumphum
545 2880 740 2961 imperatores
764 2880 876 2941 habere
903 2879 1053 2954 solebant,
1086 2900 1153 2940 oum
1182 2881 1334 2961 precibus,
1358 2880 1465 2960 quihus
1485 2883 1555 2942 aute
1579 2880 1761 2962 triumphum
1781 2900 1813 2941 se
1836 2879 1940 2940 Iouem

341 2995 566 3075 hlineruumque
588 2996 667 3076 apud
688 2992 803 3055 Liuium
824 2995 923 3056 adisse
945 2994 1024 3068 dicit,
1046 2988 1181 3055 Velleius
1202 2995 1393 3055 commiscuit.

439 3107 545 3189 Neque
565 3129 637 3170 uero
659 3112 706 3170 est
727 3109 856 3183 dubium,
879 3109 950 3188 quin
969 3108 1104 3170 Velleius
1125 3129 1193 3170 raro
1215 3108 1417 3170 tantummodo
1436 3108 1552 3169 Liuium
1572 3113 1693 3170 secutus
1710 3109 1757 3171 sit.
1796 3103 1942 3169 Attamen

340 3224 404 3306 ipse
432 3243 646 3306 saepenumero
672 3228 816 3297 testatur,
850 3243 883 3284 se
913 3225 1098 3285 diuersorum
1127 3229 1282 3285 arretorum
1308 3223 1459 3305 opiniones
1478 3223 1644 3305 pensitasse
1664 3226 1703 3303 (1.
1726 3225 1753 3298 7,
1773 3224 1801 3285 2.
1825 3224 1852 3297 8,
1874 3224 1942 3300 51)
2029 3283 2033 3291 ,

251 3310 256 3322 ’
343 3341 389 3413 15,
409 3340 450 3415 3.)
473 3338 656 3417 alienumque
677 3338 840 3399 sententias
863 3339 995 3400 refutare
1015 3344 1139 3400 conatur
1159 3340 1197 3418 (2.
1220 3341 1247 3414 4,
1260 3341 1286 3399 7.
1298 3341 1326 3416 ⁸)
1347 3340 1395 3412 23,
1408 3341 1435 3399 4.
1458 3339 1506 3412 31,
1526 3340 1575 3415 6.).
1609 3338 1649 3399 Et
1668 3338 1742 3399 alios
1761 3338 1851 3399 etiarn
1873 3357 1943 3399 eum

340 3453 500 3534 scriptores
529 3456 598 3513 5515
626 3453 725 3513 oculos
753 3452 892 3513 habuisse
920 3472 961 3512 ex
988 3453 1032 3513 eis
1059 3453 1262 3533 consequitur,
1294 3472 1370 3533 quae
1396 3452 1434 3512 de
1461 3452 1606 3533 Byzantio
1631 3472 1649 3514 5
1670 3452 1795 3513 Milesiis
1824 3453 1942 3513 condito

340 3566 459 3627 diuerso
482 3586 500 3628 5
522 3566 629 3627 ceteris
650 3567 784 3627 omnibus
801 3567 961 3628 memoriae
973 3568 1104 3649 prodidit
1113 3570 1149 3646 1).
1182 3567 1309 3628 Disertis
1328 3570 1429 3628 autem
1442 3567 1543 3628 uerbis
1554 3567 1592 3627 de
1604 3566 1725 3629 (latouis
1737 3570 1853 3628 155155
1864 3565 1942 3629 Hor-

340 3682 475 3761 tensique
497 3681 635 3764 operibus
657 3681 796 3762 disputat
829 3681 914 3743 Alios
935 3701 1007 3742 uero
1028 3687 1148 3763 praeter
1165 3682 1327 3744 Salustium
1348 3687 1379 3742 et
1394 3681 1537 3744 Catonem
1559 3700 1661 3742 rerum
1681 3681 1842 3763 scriptores
1853 3701 1891 3742 55
1902 3681 1944 3742 151

345 3942 349 3949 .
442 3897 467 3964 ⁸)
486 3898 571 3950 Alium
590 3899 666 3948 etiam
684 3915 805 3949 summam
823 3898 900 3949 151555
915 3897 977 3949 dicit
992 3898 1092 3950 Plinius
1110 3899 1148 3953 Η.
1167 3901 1200 3954 N.
1220 3901 1261 3951 32.
1283 3901 1308 3962 3,
1328 3901 1368 3952 17.
1388 3897 1491 3964 (11555.)
1536 3899 1590 3949 Nec
1607 3894 1691 3949 15555
1709 3898 1792 3950 Vellei
1812 3914 1942 3951 numerum

339 3982 378 4035 115
399 3989 503 4052 propter
527 3984 710 4050 neglegentiam
737 3985 878 4038 eLiuiana
903 3991 1046 4053 corruptum
1073 4002 1126 4037 esse
1145 3986 1311 4053 improbabile
1330 3986 1445 4050 uidetur,
1474 3990 1504 4036 51
1519 4001 1636 4037 numerus
1654 3985 1689 4036 11.
1709 3984 1847 4036 151551555
1865 3986 1943 4038 iuter·
1991 4046 1994 4050 ⁴

340 4077 482 4138 poneretur.
1727 4124 1734 4135 ‚

347 4153 349 4159 ’
454 4159 478 4223 1)
500 4158 572 4216 Quod
591 4164 674 4210 55155
695 4159 830 4211 55551115.
850 4160 868 4211 1.
886 4160 998 4212 Velleius
1016 4166 1090 4228 atque
1108 4177 1165 4213 oum
1183 4160 1298 4213 55115115
1316 4160 1440 4216 demnas
1458 4160 1535 4212 Liuio
1555 4160 1614 4226 (33,
1631 4160 1673 4212 33.
1692 4159 1736 4223 34,
1755 4158 1807 4222 35.)
1826 4156 1942 4210 discessit

343 4243 479 4311 (Sanppins
499 4245 577 4310 143),
595 4247 634 4297 511
650 4245 683 4296 ad
702 4246 784 4297 155155
805 4245 954 4312 studiaque.

444 4334 468 4398 1)
488 4335 545 4386 Hoc
566 4340 649 4386 15555
677 4334 732 4384 loco
750 4349 800 4385 non
818 4334 900 4385 51555
919 4336 1021 4387 errauit.
1063 4337 1130 4387 Num
1149 4336 1216 4403 qnod
1237 4335 1407 4386 Aemilianum
1423 4333 1486 4385 dicit
1501 4333 1569 4387 LVL
1587 4350 1666 4386 annos
1682 4338 1769 4384 55155
1789 4349 1843 4386 csse
1861 4334 1939 4383 inter·

341 4418 448 4480 lectum,
475 4417 501 4468 id
524 4419 555 4469 ab
580 4420 696 4472 omnibus
721 4420 871 4471 conceditur.
917 4420 967 4471 Sed
993 4420 1019 4470 id
1042 4421 1080 4473 115
1097 4421 1231 4472 51151555
1249 4425 1390 4488 potestat
1409 4420 1610 4490 Scipiodicatur
1630 4437 1696 4473 anno
1714 4420 1836 4473 XXXVI.
1856 4416 1942 4470 consul

340 4513 437 4557 5555155
456 4523 516 4558 csse.
552 4508 617 4561 Nam
637 4523 693 4558 cum
711 4525 734 4558 5.
752 4509 810 4558 607.
829 4509 915 4560 consul
933 4510 1014 4561 factm
1031 4509 1073 4574 sit,
1092 4525 1158 4561 anno
1176 4512 1234 4563 315,
1255 4510 1401 4562 interfectus
1412 4510 1510 4563 XVIIL
1531 4526 1653 4563 annornm
1673 4510 1783 4578 spatium
1801 4510 1866 4561 inter
1884 4525 1942 4561 oon-

342 4593 451 4644 5515155
477 4598 631 4659 mortemque
656 4598 700 4643 ost.
737 4594 824 4658 ltaque
845 4610 937 4646 annum
957 4595 1113 4660 trigesimum
1131 4600 1246 4648 octauum
1266 4606 1381 4660 egem
1398 4614 1454 4648 enm
1474 4600 1602 4650 55555155
1620 4603 1731 4649 crastum
1748 4613 1803 4649 esse
1821 4597 1942 4663 sequitur.
2020 4586 2022 4594 ¹

342 4681 375 4751 cl.
392 4681 523 4732 Puteanus
535 4672 592 4732 Δ635
611 4696 648 4745 sq.
1935 4752 1938 4757 ¹

399 4759 403 4768 ’
444 4768 468 4828 1)
490 4769 515 4815 1.
537 4766 577 4828 15,
600 4770 621 4818 Ι.
639 4766 670 4816 R.
692 4769 727 4831 (7,
745 4767 873 4831 511555.)
920 4767 987 4817 Nam
1005 4767 1148 4834 Stephanus
1164 4770 1225 4835 Byr.
1244 4786 1264 4819 s.
1281 4786 1306 4820 5.
1326 4766 1361 4836 (p.
1384 4769 1721 4825 555111515151511.
1741 4771 1827 4837 1815.)
1850 4772 1944 4823 5115·

340 4853 489 4918 gersnaibns
511 4853 659 4921 Byzantium
686 4853 812 4905 eonditum
837 4871 890 4906 esse
912 4853 1006 4905 scribit.
1036 4854 1256 4920 (5151155115ἱί55
1278 4855 1311 4907 ad
1329 4856 1355 4908 h.
1377 4855 1395 4911 1.
1416 4859 1432 4909 3
1456 4875 1482 4926 p.
1501 4856 1572 4924 503.)
1624 4856 1693 4909 Idem
1721 4857 1799 4909 tradit
1823 4858 1942 4925 Scymnns

226 4977 234 4990 .
342 4941 420 4993 chius
440 4943 504 4994 717:
533 4937 592 5009 ὁξῆς
610 4943 757 5010 Μεγαράυν
775 4936 893 5005 εὐτυχῶν
912 4940 1071 5003 Βυζάντιον.
1107 4944 1254 4995 Ammianus
1273 4946 1324 5011 (11.
1344 4946 1372 5010 3,
1389 4944 1428 5009 8.)
1458 4945 1599 4997 Atticorum
1619 4945 1786 4997 5515515511
1810 4945 1943 4997 coloniam.

342 5031 398 5097 (eir.
418 5031 558 5095 Wugnesus
576 5029 608 5080 ud
627 5029 652 5081 h.
670 5030 688 5081 1.
706 5046 731 5096 p.
751 5032 822 5094 453.)
860 5031 936 5082 Pelso
961 5023 1045 5085 15555
1071 5032 1135 5084 mihi
1163 5033 1329 5087 Ruhnkenins
1354 5050 1385 5085 sn
1401 5032 1531 5085 Strabonis
1551 5034 1591 5097 14,
1609 5049 1635 5099 p.
1654 5034 1701 5085 341
1725 5036 1758 5100 (c.
1778 5034 1872 5099 6111.)
1894 5036 1944 5100 με’-

340 5134 433 5188 γιστον
453 5113 532 5170 11τό
551 5106 727 5184 stiliconem
743 5110 886 5180 (15555515,
918 5111 982 5169 ὅτε
1007 5115 1060 5189 γὰρ
1079 5113 1205 5178 13115551
1221 5115 1319 5170 πόντος
1336 5114 1389 5170 ὑπὸ
1406 5115 1514 5169 τούτων
1532 5119 1598 5185 (τῶν
1617 5113 1764 5184 Μιλησίαν)
1783 5116 1943 5184 συνῴκισται

341 5204 394 5255 πᾶς
410 5206 454 5253 καὶ
472 5200 488 5268 ἡ
505 5207 649 5275 orpooscvsle
671 5219 756 5255 ueram
774 5204 855 5255 Vellei
881 5206 1032 5258 sententiam
1057 5221 1110 5257 esse
1136 5205 1238 5257 uidetur
1262 5206 1394 5272 conligere.
1441 5204 1507 5256 Nam
1532 5219 1594 5269 quae
1617 5202 1729 5257 coloniae
1756 5204 1898 5258 shlilssiis
1917 5205 1943 5255 in

340 5291 387 5342 1115
402 5291 503 5356 regione
519 5291 633 5343 conditae
650 5291 710 5357 sint,
727 5293 811 5343 515115
829 5308 845 5343 5
863 5293 969 5345 Strbone
986 5297 1153 5346 numeratur.
1835 5306 1838 5313 ’
