4320 5902
1054 579 1099 652 13

276 732 397 826 quidem
424 745 539 820 adfert,
569 747 621 806 ubi
646 746 742 808 claros
769 750 802 807 et
830 751 935 829 poetas
955 751 987 806 et
1008 751 1141 806 oratores
1163 743 1364 805 Romanorum
1384 752 1535 821 recenset;
1561 748 1616 809 sed
1636 752 1756 809 ueteres
1775 720 1882 830 prioris

276 859 420 942 temporis
447 860 609 942 scriptores
626 861 698 922 dicit
719 867 751 922 et
771 862 920 923 obscums.
960 861 1110 933 Quorum,
1131 860 1188 919 etsi
1208 859 1326 920 nomina
1346 859 1527 936 addidisset,
1547 868 1650 944 posset
1671 869 1772 925 tamen
1792 864 1832 925 et'

276 992 344 1035 esse
371 974 510 1050 dubium,
536 981 637 1036 utrum
660 995 733 1037 uere
754 975 915 1055 diligenter
936 994 988 1035 eos
1007 975 1205 1056 inspexisset,
1225 993 1327 1036 necne.
1351 980 1390 1055 (1.
1415 979 1460 1052 17,
1481 978 1522 1055 2.)
1564 977 1638 1038 Veri
1661 983 1761 1038 autem
1783 981 1830 1039 est
1845 977 1884 1038 si·

276 1089 449 1164 millimnm,
477 1108 546 1150 eum
573 1089 604 1151 in
630 1091 721 1151 nebus
747 1091 883 1150 externis
904 1088 1101 1170 depingendis
1124 1089 1217 1168 'Progi
1235 1089 1357 1172 Pompei
1379 1091 1508 1151 liistoriis
1532 1109 1599 1151 esse
1619 1112 1713 1152 usum.
1739 1092 1883 1170 (Kritains

277 1203 481 1281 XXXVIII.)
509 1203 616 1275 -Qnod
643 1204 723 1266 haud
751 1204 812 1265 scio
839 1224 878 1265 an
905 1203 1041 1264 concludi
1061 1204 1154 1285 possit
1175 1203 1289 1265 Iustino
1309 1205 1356 1266 34.
1379 1208 1407 1279 4,
1434 1207 1477 1267 10.
1502 1210 1672 1287 comparato
1693 1227 1761 1267 cum
1783 1206 1884 1267 Vellei

278 1319 388 1394 uerbis,
406 1337 484 1399 qnae
504 1322 576 1379 sunt
594 1319 622 1380 2.
639 1321 668 1393 4,
689 1322 712 1380 l.
747 1317 806 1379 Hic
824 1310 903 1379 enim
923 1318 1080 1378 manifesto
1099 1317 1221 1392 errauit,
1242 1319 1291 1397 qui
1300 1318 1502 1380 Aristonicum
1523 1319 1709 1402 aPerpema
1728 1321 1759 1381 in
1782 1322 1883 1382 trium·

279 1434 339 1515 pho
358 1434 480 1494 ductum
498 1451 566 1495 esse
585 1437 736 1506 narraret3
762 1453 832 1494 nam
854 1432 1008 1514 Perperna
1029 1431 1156 1492 Romam
1178 1433 1327 1492 decedens
1349 1453 1389 1492 ex
1408 1434 1560 1515 prouincia
1582 1439 1716 1496 mortuns
1735 1439 1790 1496 est
1811 1435 1883 1517 (Ap

281 1547 356 1630 pian.
377 1547 541 1629 Hispali.)
583 1548 648 1609 Iam
669 1566 741 1609 uero
763 1548 897 1609 Iustinus
914 1545 1043 1626 eTrogo
1063 1547 1167 1620 refert,
1187 1545 1228 1606 M.
1244 1547 1405 1626 Aquilium,
1426 1548 1597 1631 Perpennae
1618 1569 1829 1624 successorem,
1849 1553 1884 1611 ut

281 1661 479 1724 Aristonicum
506 1662 588 1737 huic,
609 1662 659 1743 qui
680 1666 800 1744 ceptum
824 1681 892 1722 eum
914 1667 1040 1738 teneret,
1062 1663 1200 1744 eriperet,
1221 1662 1381 1724 festinasse
1402 1662 1512 1739 „uelat
1531 1667 1587 1728 sai
1600 1666 1709 1748 pote’as
1730 1664 1887 1750 triumphi

280 1798 394 1840 menae
419 1798 486 1840 esee
507 1776 658 1842 deberet“
701 1777 788 1848 Quae
807 1776 926 1837 dicendi
946 1776 1081 1850 formula,
1103 1777 1167 1837 siue
1187 1777 1276 1839 dubio
1298 1797 1317 1839 a
1338 1777 1436 1858 'ngo
1457 1780 1560 1860 petita,
1583 1779 1773 1841 festinantem
1794 1781 1883 1842 lecte-

280 1908 344 1953 rem
361 1910 397 1952 eo
417 1892 514 1974 potuit
532 1892 684 1968 inducere,
705 1895 740 1952 ut
758 1891 849 1953 nihilo
869 1891 967 1952 minus
986 1896 1018 1951 et
1038 1891 1222 1973 Perpernam
1244 1893 1424 1974 triumphum
1446 1893 1569 1954 duxisse
1591 1904 1622 1953 et
1634 1895 1793 1954 Aristonici
1813 1914 1882 1955 eum

279 2007 449 2088 praesentia
470 2012 649 2068 exornatum
667 2025 735 2066 esse
755 2006 934 2088 opinaretur.

201 2098 205 2110 ³
384 2121 549 2192 Praeterea
571 2121 736 2181 rectissime
757 2120 890 2180 Kritaius
910 2120 1093 2201 suspicatur,
1114 2086 1264 2181 Velleium
1288 2121 1379 2182 Attici
1400 2122 1511 2204 scripta
1533 2123 1636 2183 sinon
1659 2128 1793 2183 secutum
1815 2142 1882 2183 esse

279 2242 361 2297 certe
386 2242 456 2297 ante
479 2236 581 2296 oculos
607 2235 754 2296 habuisse.
790 2233 869 2294 Nam
892 2254 969 2314 quae
988 2234 1026 2294 de
1046 2235 1098 2295 illo
1120 2237 1213 2297 tradit
1233 2237 1388 2299 Cornelius
1407 2236 1508 2319 Nepos
1529 2239 1603 2316 (Att.
1629 2237 1745 2313 18,·1.)
1764 2256 1833 2296 cum
1852 2236 1883 2298 in

279 2351 418 2432 operibus
445 2350 649 2411 difficillimam
675 2368 739 2410 rem
764 2350 942 2428 adgressum
967 2368 1050 2424 esse,
1083 2354 1117 2410 ut
1137 2351 1368 2432 uniuscuiusque
1389 2352 1462 2413 cla'ri
1483 2352 1539 2412 uiri
1560 2352 1739 2433 propagines
1759 2351 1883 2413 familia-

279 2484 404 2545 rumque
424 2465 567 2543 originem
588 2466 772 2538 subtexeret,
793 2464 899 2525 eadem
920 2465 950 2524 in
973 2463 1123 2525 Velleium
1144 2466 1262 2526 cadunt.
1285 2467 1444 2548 (Sauppius
1459 2468 1537 2544 1511.)
1574 2466 1633 2536 Qui
1656 2465 1882 2543 diligentissime

278 2581 505 2654 animaduertit,
535 2598 612 2659 quae
637 2579 716 2639 inter
741 2579 819 2639 inires
841 2579 937 2640 claros
957 2580 1128 2659 nobilesque
1149 2582 1286 2659 cognatio
1306 2581 1524 2655 intercesserit,
1551 2581 1728 2663 pracsertim
1749 2580 1774 2639 si
1794 2580 1883 2662 adop

278 2695 357 2756 tione
383 2697 415 2755 et
440 2695 581 2774 adgnatio
603 2700 634 2754 et
653 2684 761 2754 nomen
781 2697 896 2754 mutata
919 2704 996 2754 sunt.
1039 2694 1088 2755 Sic
1108 2693 1151 2755 Pi.
1174 2696 1302 2757 Gracchi
1323 2696 1467 2774 originem
1489 2697 1527 2774 (2.
1550 2697 1578 2769 2,
1606 2699 1651 2772 1.),
1675 2696 1717 2755 sic
1739 2694 1882 2776 Scipionis

278 2808 406 2871 Nasicae
438 2817 470 2869 et
495 2829 563 2870 cum
589 2808 621 2869 P.
645 2807 785 2868 Africano
811 2811 843 2866 et
870 2826 937 2867 cum
955 2807 1099 2870 Gracchis
1121 2810 1328 2889 cognationem
1356 2811 1445 2887 (2.3,
1470 2810 1516 2887 1.),
1543 2812 1585 2871 sic
1614 2811 1702 2871 Fului
1723 2809 1824 2871 Flacci
1852 2813 1884 2871 et

278 2924 373 2985 Manli
392 2923 509 2984 Acidini
532 2924 570 3002 (2.
595 2923 622 2997 8,
643 2924 683 2999 2.)
707 2922 852 3003 explicat;
879 2921 921 2980 sic
948 2925 1070 2999 gentem
1088 2922 1247 2984 Domitiam
1278 2923 1433 2999 describit,
1463 2934 1494 2985 et
1514 2925 1614 3006 paullo
1635 2932 1702 3006 post
1722 2925 1882 2985 Caeciliam

195 3022 199 3029 ¹
280 3039 318 3117 (2.
342 3041 388 3114 10,
407 3040 426 3100 2
448 3044 480 3099 et
499 3040 551 3115 3.);
584 3038 627 3097 sic
648 3037 762 3099 Sullam
782 3056 801 3097 a
822 3035 958 3098 Cornelio
978 3035 1086 3097 Rufino
1109 3043 1206 3097 ortum
1229 3058 1296 3098 esse
1316 3043 1526 3099 commemorat
1555 3040 1593 3116 (2.
1621 3041 1665 3112 17,
1685 3041 1733 3115 2.),
1757 3039 1882 3115 dubitat,

279 3158 352 3235 quot
371 3153 579 3235 Pompeiorum
603 3153 714 3212 fuerint
738 3150 867 3212 familiae
896 3152 935 3230 (2.
954 3151 1003 3225 21,
1026 3153 1075 3228 5.),
1106 3152 1156 3229 qui
1184 3152 1296 3233 primus
1320 3173 1361 3212 ex
1388 3157 1479 3232 gente
1501 3153 1642 3236 Pompeia
1664 3154 1766 3213 consul
1785 3154 1882 3216 factas

280 3268 319 3329 sit
342 3287 508 3348 nomenque
529 3267 633 3328 matris
655 3266 753 3329 Gnaei
772 3265 894 3346 Pompei
922 3266 1022 3326 adfert
1047 3266 1085 3343 (2.
1111 3268 1135 3338 1,
1155 3268 1189 3338 4;
1211 3267 1259 3341 29,
1279 3268 1329 3343 2.),
1359 3266 1498 3329 Caesaris
1518 3269 1578 3346 (41,
1601 3269 1641 3345 2.)
1668 3268 1883 3348 Octamanique

280 3384 339 3463 (59,
359 3385 401 3460 2.)
420 3390 547 3444 stemma
568 3382 715 3463 depingit,
736 3381 863 3459 denique
882 3398 941 3440 non
960 3380 1024 3440 sine
1045 3380 1158 3441 laetitia
1180 3382 1309 3459 quadam
1339 3382 1367 3442 in
1385 3383 1478 3464 ipsius
1499 3383 1674 3457 maioribus,
1697 3384 1746 3463 qui
1764 3383 1883 3457 fuerint,

279 3497 456 3558 deliniendis
489 3500 628 3558 uersatur
657 3498 696 3575 (2.
720 3498 764 3557 16.
786 3495 834 3572 2.).
877 3494 982 3574 Neque
1010 3513 1083 3554 uero
1114 3495 1145 3554 in
1176 3495 1228 3555 his'
1248 3497 1383 3574 gentium
1415 3497 1617 3559 Romanarum
1636 3498 1883 3580 descriptionibus

279 3617 414 3695 tempora
439 3611 651 3692 distinguenda
673 3628 741 3670 esse
758 3613 838 3691 puto.
862 3609 963 3689 (ΙΠΙ.)
1001 3609 1162 3671 Sedenim
1185 3630 1287 3671 eornm
1307 3613 1454 3689 uirorum,
1475 3634 1601 3693 quorum
1623 3615 1653 3674 in
1673 3634 1770 3694 genus
1791 3624 1826 3674 ut
1840 3613 1883 3674 in·

280 3727 426 3808 quireret,
446 3727 566 3788 maioris
586 3726 665 3786 illius
682 3725 781 3807 operis
801 3723 1028 3806 praeparatione
1047 3724 1262 3800 adduceretur,
1284 3732 1410 3788 stemma
1431 3728 1618 3808 diligentiore
1641 3749 1713 3790 cura
1732 3729 1883 3811 depictum

279 3861 356 3918 esse,
378 3863 434 3924 per
452 3861 485 3902 se
505 3841 678 3903 diluicidum
696 3846 751 3901 est.
793 3840 836 3900 At
855 3859 957 3900 eorum
978 3839 1110 3920 ipsorum
1131 3840 1240 3922 stirpes
1261 3841 1433 3924 saepissime
1454 3843 1492 3904 ad
1513 3863 1659 3904 summam
1676 3843 1883 3923 antiquitatem

279 3957 474 4019 adscendunt.
517 3957 624 4038 Itaque
649 3956 788 4036 quoniam
813 3955 844 4016 in
867 3955 918 4017 illo
944 3955 1055 4016 maiore
1077 3976 1166 4038 opere
1188 3959 1219 4016 et
1241 3956 1384 4039 Scipionis
1404 3957 1548 4034 Nasicae,
1570 3959 1692 4041 Pompei
1712 3959 1816 4039 Magni
1838 3979 1884 4021 se

280 4074 340 4135 ceri
359 4075 398 4153 (2.
420 4076 469 4148 54,
489 4075 547 4151 3.),
578 4077 609 4134 et
630 4071 788 4154 Scipionis,
810 4071 905 4133 Iuliae
926 4072 1055 4133 adulteri
1077 4073 1115 4150 (2.
1142 4073 1206 4146 100,
1228 4075 1278 4149 5.),
1299 4072 1409 4133 mentio
1430 4073 1576 4134 inicienda
1598 4077 1677 4148 erat,
1709 4074 1773 4135 aine
1794 4074 1883 4136 dubio

278 4189 397 4250 illorum
418 4188 546 4250 maiores
566 4187 676 4269 optime
697 4205 874 4247 enumerare
895 4188 998 4268 potuit.
1042 4187 1129 4248 Idem
1152 4188 1181 4248 in
1201 4187 1346 4249 Domitios
1368 4189 1449 4250 cadit
1470 4190 1508 4268 (2.
1524 4189 1571 4265 72,
1585 4191 1612 4251 3.
1636 4189 1684 4273 81,
1708 4190 1748 4267 2.)
1769 4194 1800 4249 et
1820 4189 1884 4251 Me-

279 4304 367 4365 tellos
390 4305 428 4383 (2.
449 4305 498 4379 34,
521 4306 559 4380 1.)
580 4309 612 4364 et
630 4301 794 4384 Pompeios.
841 4302 910 4364 Huc
936 4303 1009 4363 illud
1033 4324 1150 4384 quoque
1170 4305 1316 4386 pertinet,
1345 4304 1423 4383 quod
1442 4305 1560 4385 saepius
1579 4324 1629 4365 res
1648 4324 1760 4387 paruas
1781 4306 1818 4365 ab
1840 4303 1883 4364 eis

279 4424 383 4499 gestas
409 4423 527 4494 narrat,
554 4419 605 4498 qni
625 4438 643 4479 e
662 4419 772 4480 tahbus
795 4418 935 4497 gentibus
957 4419 1013 4479 orti
1040 4425 1121 4492 sunt;
1149 4420 1192 4480 sic
1212 4420 1247 4479 D.
1268 4419 1354 4480 Bruti
1376 4420 1406 4479 in
1427 4418 1574 4500 Hispania
1594 4419 1752 4501 imperium
1773 4418 1883 4480 descri-

280 4536 330 4596 tur
350 4536 389 4615 (2.
410 4536 438 4610 5,
460 4520 508 4612 1.),
535 4533 653 4596 Metelli
680 4534 719 4595 ad
740 4533 929 4596 Contrebiam
954 4536 1027 4614 fuga
1048 4535 1127 4614 (ibid.
1148 4536 1197 4612 2.),
1223 4535 1357 4615 quaestio
1383 4535 1421 4594 de
1441 4534 1616 4616 repetundis
1633 4535 1665 4595 in
1684 4534 1716 4597 C.
1739 4534 1882 4625 Catonem

281 4646 416 4710 instn'tnta
436 4647 522 4728 (2.8,
545 4651 590 4725 1.).

384 4764 416 4826 81
437 4783 510 4843 ergo
532 4763 836 4842 considerauarimns,
853 4763 1005 4826 Velleium
1025 4770 1057 4826 et
1076 4785 1131 4847 per
1150 4784 1183 4826 se
1199 4765 1403 4844 genealogiae,
1423 4784 1512 4844 quam
1529 4744 1640 4841 dicunt,
1661 4767 1752 4827 fuisse
1773 4767 1884 4828 studic
1913 4792 1917 4799 ·

280 4898 361 4954 enm,
390 4884 422 4940 et
453 4879 542 4955 uiros,
570 4899 610 4939 ex
636 4879 694 4940 illis
722 4881 797 4959 quas
825 4880 1010 4941 describeret
1028 4880 1168 4959 gentibus
1189 4885 1278 4956 ortos,
1299 4899 1442 4961 personas
1462 4879 1493 4938 in
1513 4879 1563 4940 illo
1583 4880 1694 4940 maiore
1715 4901 1804 4962 opere
1826 4902 1883 4943 non

279 4993 388 5053 nullius
414 4993 557 5055 momenti
583 4998 703 5056 acturos
723 4994 831 5072 fuisse,
848 5013 989 5074 magnam
1010 4994 1039 5053 ei
1059 4995 1164 5055 bacin
1186 5015 1220 5055 re
1241 4995 1331 5055 fidem
1353 4996 1515 5056 concedere
1536 5015 1593 5055 non
1615 4995 1814 5057 dubitabimus
1827 5001 1882 5076 ¹⁹).

387 5146 431 5213 ¹⁸)
450 5149 569 5198 Attamen
596 5163 627 5198 ne
652 5149 679 5198 in
702 5148 750 5198 hec
774 5146 875 5213 quidem
901 5152 1060 5197 stemmatum
1081 5146 1247 5213 descriptione
1265 5148 1378 5199 leuitatis
1393 5154 1478 5198 notam
1494 5165 1524 5197 cx
1543 5152 1611 5199 omni
1632 5155 1703 5216 perte
1721 5150 1818 5213 effugit.
1852 5152 1884 5206 P.

280 5226 347 5283 enim
362 5233 481 5285 Nrtaieem
499 5235 538 5286 Ti.
559 5235 667 5286 Gracchi
694 5233 868 5285 consobrinum
893 5233 971 5284 faiam
996 5233 1087 5296 refert,
1106 5250 1155 5298 qno
1178 5233 1276 5284 inuidia
1300 5235 1483 5286 interfectionis
1506 5243 1635 5300 angeatur.
1663 5238 1741 5302 (2.3,
1766 5240 1797 5303 1.)
1834 5238 1884 5289 Sed

281 5319 408 5372 Gracchus
429 5321 570 5373 eratfilius
590 5322 737 5386 Corneliae,
755 5322 786 5374 P.
805 5319 918 5372 Africani
936 5319 1040 5373 maioris
1060 5319 1134 5369 filiae.
1169 5321 1194 5370 Is
1214 5330 1298 5371 eutem
1317 5321 1385 5372 illius
1403 5326 1457 5372 erat
1475 5322 1506 5372 P.
1522 5318 1663 5389 Scipionis,
1689 5325 1778 5390 quiin
1797 5325 1884 5376 Africa
