4290 5902
1043 541 1090 614 32

267 714 372 770 narrat
391 710 420 789 (5
440 711 471 786 4)
492 707 651 770 Curionem
669 709 876 790 impediulsse‚
897 727 955 787 quo
976 707 1073 767 minus
1094 727 1154 789 pax
1176 710 1232 769 sub
1253 708 1297 769 eis
1319 708 1536 770 condicionibus
1558 708 1653 782 fieret,
1674 726 1748 788 ques
1767 707 1868 769 iustis·

267 823 341 884 simo
369 823 466 884 animo
492 828 670 903 proponeret
691 823 816 897 Caesar,
841 821 998 903 Pompeius
1023 842 1118 901 aequo
1146 822 1244 883 animo
1268 823 1423 905 reciperet.
1469 821 1536 883 liae
1561 822 1761 897 condiciones,
1789 841 1868 902 quae

268 937 387 1012 luerint,
408 937 481 997 satis
502 937 691 1018 perspicuum
711 957 768 999 non
789 940 843 996 est.
884 936 961 997 Nam
973 935 1070 1011 Curio,
1091 943 1230 998 asenatu
1244 936 1340 998 Roma
1356 937 1510 1019 expulsus,
1527 936 1697 1011 Caesarem,
1718 937 1868 998 utstatim

192 1112 194 1117 .
268 1053 394 1114 Romam
422 1053 557 1113 exercitu
581 1056 711 1133 peteret,
737 1070 923 1113 commouere
950 1051 1120 1133 temptauit3
1141 1051 1196 1111 sed
1220 1051 1271 1111 illo
1299 1052 1396 1113 denuo
1422 1071 1527 1134 pacem
1555 1052 1745 1113 reconciliare
1767 1050 1868 1150 conari

268 1168 381 1228 statuit.
404 1168 492 1249 (App.
513 1168 541 1242 2,
563 1167 617 1229 32:
649 1175 808 1246 Κουρίωνι
827 1167 880 1246 μὲν
902 1165 939 1247 δή
964 1175 1124 1246 συγκαλεῖν
1145 1165 1244 1232 1ὀόκει
1261 1166 1316 1232 τόν
1338 1164 1465 1245 στρατὸν
1488 1168 1609 1232 ἅπαντα
1629 1166 1690 1247 ἤδη
1711 1169 1761 1231 sul
1781 1164 1868 1249 ἄγειν

267 1285 316 1348 ἰπὶ
332 1277 476 1364 ‘Palm'
504 1289 637 1364 Καίσαρι
661 1284 686 1346 d’
714 1285 755 1346 ἔτι
777 1289 943 1363 πειρᾶσθαι
961 1281 1149 1358 διαλύσεων.)
1188 1280 1289 1342 Antea
1313 1288 1413 1343 autem
1434 1283 1547 1346 caesar
1573 1282 1654 1363 pacis
1681 1281 1867 1342 condiciones

266 1417 417 1477 nunquam
444 1397 562 1472 obtulit,
589 1416 666 1477 0040
689 1396 777 1460 Curio
805 1402 838 1456 ut
858 1404 1072 1478 respuerentur
1091 1396 1211 1456 officere
1233 1400 1342 1477 posset.
1389 1395 1551 1476 Postquam
1572 1416 1645 1457 uero
1665 1395 1801 1459 Curionis
1821 1414 1868 1456 ro-

267 1512 348 1590 gatio
368 1510 484 1572 senatui
504 1513 628 1592 probata
647 1516 703 1584 est,
723 1530 781 1570 non
792 1510 890 1585 Curio,
911 1530 968 1590 quo
988 1510 1085 1570 minus
1106 1529 1182 1590 quae
1195 1510 1335 1571 conclusa
1348 1515 1450 1572 essent
1457 1511 1682 1593 perficerentur,
1702 1509 1866 1591 impediuit,

268 1627 323 1686 sed
343 1626 500 1708 optimates
521 1626 618 1686 omnia
637 1632 857 1707 pemertemmt,
878 1625 917 1685 ad
938 1623 1111 1705 Pompeium
1131 1645 1246 1685 summa
1266 1644 1366 1685 rerum
1387 1626 1487 1687 dolata
1508 1626 1710 1705 (Dmmannus
1726 1626 1755 1697 3,
1776 1624 1865 1699 403.)

255 1741 374 1821 ltaque
394 1741 436 1800 nil
456 1744 560 1814 restat,
579 1739 636 1800 nisi
656 1743 690 1799 ut
703 1739 850 1800 Velleinm
871 1759 938 1801 eam
949 1739 1087 1802 Caesaris
1107 1739 1266 1821 epistulam
1286 1740 1454 1819 significate
1474 1740 1627 1813 ducamus,
1648 1757 1707 1818 qua
1726 1757 1759 1799 se
1778 1757 1866 1798 exer-

267 1856 357 1917 citum
378 1860 499 1936 praeter
518 1854 594 1914 duas
614 1853 804 1933 legiones³⁴)
823 1854 1014 1914 dimissurum
1035 1875 1101 1915 esse
1122 1855 1273 1936 promisit,
1294 1862 1523 1933 contentumque
1545 1874 1578 1914 se
1599 1855 1663 1915 iore
1684 1852 1867 1916 001114010-

269 1969 382 2052 alpina,
409 1969 434 2029 si
454 1969 590 2048 aequalia
609 1967 767 2050 Pompeius
796 1971 916 2029 iaceret.
959 1968 1044 2039 Quae
1072 1970 1221 2051 postulata
1242 1969 1392 2029 lenissima
1414 1976 1445 2029 et
1465 1975 1535 2029 sunt
1554 1974 1586 2028 et
1604 1988 1623 2028 4
1643 1968 1773 2030 Caesare
1801 1967 1866 2048 ipso

268 2084 312 2164 (B.
335 2084 366 2146 0.
393 2087 416 2145 1.
438 2086 466 2157 5,
488 2086 528 2158 5.)
555 2083 745 2165 adpellantur
766 2084 830 2162 (ct'r.
853 2084 929 2164 App.
951 2085 978 2156 2,
1000 2085 1069 2159 32.)
1112 2084 1224 2162 Atquin
1251 2083 1332 2143 illam
1359 2084 1455 2165 ipsam
1471 2083 1630 2163 epistulam
1649 2082 1738 2145 Curio
1759 2082 1798 2143 ad
1820 2100 1867 2142 se·

267 2204 369 2260 natum
389 2198 471 2272 tulit,
500 2217 597 2277 neque
624 2197 674 2257 ille
701 2198 782 2279 pacis
803 2197 950 2258 incundae
971 2218 1055 2280 spem
1076 2198 1229 2271 discussit,
1257 2198 1310 2257 sed
1332 2198 1489 2279 optimates
1509 2198 1636 2279 primum
1657 2197 1816 2278 epistulam
1835 2197 1866 2258 in

269 2313 383 2374 Senatu
410 2313 528 2373 recitari
561 2312 731 2385 noluerunt,
766 2312 874 2372 deinde
901 2332 997 2391 neque
1023 2312 1067 2372 illi
1092 2332 1189 2392 neque
1216 2311 1374 2394 Pompeius
1395 2313 1533 2374 Caesaris
1560 2313 1746 2373 condiciones
1770 2330 1866 2390 40000

268 2427 366 2488 401100
387 2436 579 2508 receperunt,
600 2427 654 2485 sed
675 2425 780 2486 111000
801 2427 960 2507 processit,
982 2435 1016 2487 ut
1034 2447 1089 2507 per
1109 2426 1274 2508 Scipionem
1295 2447 1328 2487 se
1348 2431 1419 2487 tnnc
1440 2432 1577 2488 senatum
1597 2427 1769 2488 adiuturum
1788 2445 1866 2501 esso,

269 2560 365 2621 neque
393 2541 1509 2622 011004100001000001414101(0400.Β.0.10.;Ι)1010000003,495.).
1552 2541 1592 2602 Hi
1620 2548 1720 2604 autem
1746 2560 1865 2603 remeo
1967 2562 1971 2569 ·

267 2657 484 2738 perduxerunt,
504 2659 538 2715 ut
553 2653 723 2729 Caesarem,
743 2655 773 2714 ni
794 2662 873 2715 stata
893 2656 941 2715 die
962 2656 1129 2716 exercitum
1149 2656 1322 2726 dimitteret,
1343 2657 1459 2717 hostem
1479 2656 1641 2717 iudicatum
1661 2656 1698 2716 iri
1718 2656 1866 2717 minaren-

268 2778 318 2832 tur
338 2770 427 2848 (Vell.
449 2770 475 2830 2.
495 2772 544 2843 49,
564 2771 592 2829 4.
614 2769 690 2850 App.
712 2770 740 2842 2,
761 2769 807 2831 32.
830 2771 898 2845 33.)
940 2770 1026 2840 Quae
1047 2790 1114 2831 oum
1135 2770 1176 2831 itu
1196 2770 1270 2845 sint,
1290 2771 1369 2851 qnod
1390 2778 1508 2853 tempus
1528 2770 1664 2831 Velleius
1684 2770 1867 2851 spectauerit

268 2905 390 2968 prorsus
410 2905 468 2945 non
492 2883 684 2963 intellegitur.
731 2882 837 2962 Itaque
862 2892 915 2944 aut
940 2884 1150 2963 neglegentiae
1177 2889 1229 2945 aut
1253 2885 1439 2964 argutiarum
1465 2886 1564 2946 studio
1588 2885 1640 2946 illa
1660 2887 1753 2946 uerba
1773 2886 1865 2947 tribn-

268 3001 347 3061 enda
367 3008 444 3060 sunt.

368 3115 445 3175 ltem
457 3114 536 3192 qnod
547 3113 654 3173 deinde
668 3115 768 3187 refert,
781 3113 953 3175 Ciceronem
963 3132 1053 3173 unum
1067 3114 1246 3194 reipublicae
1260 3115 1433 3176 concordiae
1444 3115 1569 3190 cauisse,
1582 3116 1652 3195 quid
1660 3117 1715 3177 sibi
1722 3137 1758 3177 eo
1764 3117 1865 3178 00100

271 3231 310 3291 rit
326 3229 469 3301 Velleius,
490 3228 650 3288 dubitatur.
681 3229 858 3308 Quanquam
869 3202 1048 3288 Plutarchus
1059 3228 1137 3288 idem
1150 3228 1269 3309 saepius
1285 3229 1424 3290 adfirmat
1443 3229 1555 3311 (Pomp.
1572 3232 1619 3301 59,
1630 3232 1657 3293 3.
1680 3231 1764 3293 Caes.
1776 3234 1824 3305 31,
1840 3235 1864 3293 1.

269 3344 328 3407 Cic.
341 3346 389 3417 37,
408 3345 455 3419 l.);
477 3349 576 3403 tamen
588 3342 777 3403 Drumannus
799 3352 830 3402 et
849 3362 918 3401 eum
938 3351 970 3401 et
982 3340 1132 3401 Velleium
1153 3343 1300 3421 ambiguis
1312 3343 1462 3406 Ciceronis
1481 3345 1573 3425 ipsius
1593 3346 1694 3405 uerbis
1716 3346 1865 3428 deceptos,

269 3459 351 3541 pacis
379 3458 601 3519 conseruandae
624 3457 788 3518 studiosum
816 3457 899 3517 illum
922 3457 1013 3517 l'uisse
1034 3456 1197 3518 arbitratur
1216 3458 1367 3517 censuisse
1388 3459 1428 3535 (3,
1449 3460 1574 3536 40022.)
1614 3460 1660 3520 Ac
1680 3480 1785 3520 uerum
1805 3461 1868 3541 qui·

270 3575 338 3634 dem
360 3576 421 3647 cst,
442 3571 579 3634 Caesaris
600 3572 720 3633 nonita
740 3572 865 3632 multum
887 3572 998 3631 referre
1020 3571 1164 3652 potuisse,
1185 3578 1268 3632 utras
1288 3579 1391 3653 partes
1414 3571 1517 3634 Cicero
1536 3574 1780 3655 amplecteretnr3
1811 3576 1867 3638 sed

269 3695 369 3749 tamen
398 3694 429 3748 ct
455 3687 519 3767 ipso
546 3696 578 3746 et
598 3685 710 3746 Balbus
735 3686 860 3747 blandas
883 3687 921 3747 ad
948 3707 1017 3746 eum
1037 3686 1152 3746 litteras
1173 3687 1291 3747 mittere
1311 3706 1370 3747 non
1390 3688 1544 3749 desicrtmt
1564 3689 1635 3766 (Cic.
1656 3690 1696 3750 ad
1713 3690 1777 3751 Att.
1789 3692 1815 3750 7.
1837 3693 1866 3766 3,

272 3807 343 3880 11.);
371 3803 429 3864 imo
453 3822 512 3863 non
537 3808 600 3876 est,
627 3820 681 3861 cnr
703 3801 807 3864 Cicero
834 3802 952 3863 mentiri
979 3806 1114 3883 putetur,
1143 3803 1193 3882 qui
1215 3803 1279 3884 ipse
1301 3804 1452 3878 adfirmet,
1473 3803 1633 3866 Caesarem
1656 3824 1675 3864 a
1694 3825 1726 3864 se
1746 3805 1866 3887 petisse,

251 3922 302 3978 ut
321 3917 494 3998 Pompeium
520 3917 558 3977 ad
583 3936 687 3999 pacem
714 3918 949 3978 conseruandem
976 3919 1146 3977 hortaretur
1165 3918 1215 3996 (ad
1235 3918 1298 3979 Att.
1322 3919 1348 3979 8.
1369 3919 1397 3991 2,
1422 3920 1466 3994 1.).
1508 3916 1607 3979 Possit
1632 3918 1724 3998 igitur
1748 3919 1790 3980 ita
1817 3940 1866 3982 res

269 4033 394 4104 habere,
417 4036 451 4091 ut
471 4031 584 4094 Caesar
604 4030 753 4093 Ciceronis
772 4031 893 4092 consilia
915 4035 1002 4111 (0040
1023 4032 1093 4111 0010
1113 4031 1163 4091 1110
1185 4030 1325 4114 Pompeio
1346 4034 1419 4093 dare
1438 4052 1496 4093 non
1517 4032 1675 4108 destiterit,
1691 4034 1796 4114 nequit
1813 4035 1866 4094 dn-

269 4146 368 4224 bitari)
389 4146 511 4207 duxerit
530 4145 694 4221 toleranda,
714 4150 804 4226 atque
825 4166 893 4206 cum
914 4146 1003 4206 otiam
1021 4146 1157 4207 hortatus
1178 4146 1229 4218 sit;
1249 4167 1308 4208 non
1327 4167 1385 4227 quo
1401 4167 1506 4229 pacem
1524 4167 1579 4228 per
1598 4166 1667 4207 eum
1687 4168 1865 4209 conseruare

268 4262 376 4333 uellet,
398 4261 451 4321 sed
473 4260 542 4340 0014
562 4261 611 4320 001
631 4262 670 4322 ad
691 4262 784 4343 ipsius
805 4268 906 4344 partes
926 4261 1073 4323 hominem
1093 4261 1214 4321 trahere
1235 4262 1284 4321 001
1305 4266 1387 4323 certe
1407 4281 1426 4322 4
1446 4260 1568 4343 Pompei
1589 4262 1719 4322 retinere
1741 4268 1867 4344 tempta·

268 4378 327 4438 but
350 4377 414 4456 (cir.
437 4374 564 4436 Peterus
584 4377 612 4450 2,
632 4376 713 4452 2811.)

1003 4560 1102 4623 xvn.

374 4710 492 4770 Bellum
504 4709 590 4770 ciuile
602 4710 774 4772 describens
784 4709 917 4771 Velleius
929 4730 980 4771 cos
992 4717 1112 4771 secutus
1124 4711 1243 4771 uidetur
1256 4730 1333 4785 csse,
1346 4711 1396 4790 qui
1407 4711 1546 4791 antiquae
1561 4711 1740 4794 reipublicae
1752 4712 1865 4772 formae

268 4825 393 4886 studiosi
419 4843 468 4884 res
497 4823 648 4885 00100040
667 4824 902 4885 inlustrsucrunt
927 4825 1087 4907 (Sauppius
1112 4826 1197 4902 161.)
1242 4826 1390 4895 Quocirca
1410 4824 1532 4907 Pompei
1554 4845 1691 4887 caussam
1713 4825 1866 4886 meliorem

270 4939 349 5014 dicit,
369 4938 528 4999 firmiorem
550 4937 687 5000 Caesaris
709 4939 746 5016 (2.
768 4939 816 5013 49,
840 4941 884 5015 1.).
926 4938 1020 4999 Valde
1037 4943 1137 4999 autem
1157 4938 1264 4998 mirum
1285 4939 1413 5013 uidetur,
1435 4940 1598 5022 uituperari
1609 4939 1767 5013 Velleium‚
1787 4939 1866 5018 quod

269 5059 424 5136 postquam
448 5053 558 5126 omnia,
585 5052 691 5132 quibus
718 5053 756 5114 ad
778 5054 888 5114 bellum
905 5054 1018 5115 Caesar
1039 5058 1275 5114 commoneretur
1298 5055 1488 5135 exposuisset
1507 5073 1642 5135 quaeque
1663 5053 1745 5134 pacis
1765 5072 1866 5114 recon-

372 5206 413 5269 Η)
433 5203 544 5255 Velleius
571 5204 672 5269 quidam
691 5207 715 5257 2.
734 5206 777 5268 49,
797 5208 822 5258 4.
853 5204 883 5254 (10
909 5222 959 5256 una
981 5206 1079 5270 legions
1095 5207 1229 5258 momoriae
1245 5205 1366 5273 prodidit.
1410 5206 1460 5258 Sed
1478 5207 1505 5257 id
1522 5206 1622 5258 uidetur
1640 5222 1672 5257 ex
1688 5206 1865 5258 commixtione

268 5289 429 5357 repetendum
449 5307 502 5341 esse
521 5307 615 5355 sorum,
634 5307 697 5357 quae
715 5308 730 5343 a
746 5292 850 5343 Caesare
867 5292 997 5360 proposita
1012 5300 1078 5357 sunt,
1096 5298 1171 5359 atquo
1188 5310 1282 5358 eorum,
1300 5295 1488 5360 qnae-Senatus
1502 5294 1651 5361 postulauit.
