4290 5902
657 643 661 653 ⁸
1043 541 1091 617 33

268 708 416 770 ciliandae
435 727 543 769 caussa
564 711 741 789 temptaret,
772 727 830 769 non
853 707 1052 770 declarauerit
1068 708 1159 769 etiam
1177 713 1267 789 atque
1289 711 1389 787 etiam,
1408 712 1563 773 Rubicone
1585 710 1711 773 transito
1730 712 1870 793 perduel-

267 823 353 885 lioms
382 822 495 883 crimen
520 822 551 882 in
571 842 604 883 66
629 822 785 883 admisisse
807 821 969 904 (Sauppius
991 823 1077 900 162).
1118 823 1237 885 Β16616
1260 823 1408 887 Velleinm
1428 827 1557 887 uidimus
1576 825 1762 904 distinguere
1788 826 1869 890 inter

267 938 455 1019 Pompeium,
487 938 537 1018 qui
563 937 619 998 sibi
638 938 794 1019 imperium
816 937 997 1013 adfectaret,
1029 943 1119 1017 atque
1142 939 1301 1022 optimates
1322 941 1393 1022 reip.
1415 948 1652 1022 propugnatores
1673 912 1775 1019 (XVI,
1797 943 1867 1019 31.)

268 1053 360 1115 11166
380 1053 493 1116 Caesar
513 1052 677 1132 adgressus
697 1058 759 1127 est,
782 1054 855 1127 hos,
871 1053 922 1133 qui
942 1053 1086 1128 ultimum,
1108 1054 1188 1134 quod
1206 1042 1372 1131 offerretur,
1389 1056 1538 1136 refugium
1560 1055 1759 1137 expetierant,
1780 1055 1870 1117 simul

269 1167 395 1229 adflixit.
435 1167 525 1228 Certe
556 1170 657 1228 autem
677 1167 851 1228 admirabile
872 1176 934 1240 661,
954 1168 1113 1249 postulari,
1146 1176 1180 1229 ut
1201 1170 1231 1229 in
1253 1169 1383 1232 Caesare
1404 1170 1642 1251 reprehendatur
1664 1169 1694 1231 S.
1715 1168 1748 1231 P.
1770 1169 1808 1240 Q.
1828 1169 1866 1231 R.

268 1281 352 1362 laesa
373 1282 530 1358 maiestas,
557 1287 714 1364 postquam
732 1281 790 1342 ista
810 1282 952 1343 maiestas
973 1289 1005 1343 61
1024 1302 1043 1345 6
1063 1283 1262 1364 popularibus,
1283 1283 1377 1346 Cinna
1397 1284 1532 1346 Carbone
1553 1285 1649 1347 Mario
1671 1285 1797 1346 Romam
1817 1285 1869 1347 ad·

268 1397 403 1475 gressis,
430 1402 461 1457 et
483 1399 521 1458 ab
543 1397 748 1478 optimatibus,
781 1396 865 1457 Sulla
886 1398 1054 1458 Carbonem
1077 1399 1272 1473 exturbante,
1301 1398 1429 1479 denique
1445 1401 1494 1467 -ab
1513 1401 1577 1482 ipso
1597 1399 1737 1482 Pompeio
1756 1400 1867 1462 misere

269 1530 391 1592 pessum
417 1511 488 1572 data
507 1512 607 1572 iacuit.
649 1510 763 1572 Verum
783 1511 934 1573 enimuero
956 1531 1062 1573 cuma
1085 1511 1198 1574 Velleio
1218 1513 1387 1588 omittatur,
1417 1514 1578 1576 Caesarem
1599 1515 1717 1596 saepius
1737 1515 1767 1575 in
1787 1518 1869 1577 6616-

269 1645 333 1686 rem
368 1646 434 1686 oum
462 1627 643 1688 aduersariis
671 1645 777 1708 pacem
800 1626 899 1687 redire
926 1630 1089 1708 temptasse
1116 1626 1221 1704 (661611
1241 1627 1326 1689 Caes.
1347 1627 1381 1688 Β.
1404 1627 1435 1690 C.
1460 1632 1483 1689 1.
1509 1632 1559 1704 14,
1586 1631 1639 1706 1.),
1670 1629 1749 1689 111166
1772 1628 1869 1707 gloria

268 1743 458 1804 imminuitur.
501 1745 601 1822 Atque
626 1742 728 1802 multis
758 1742 848 1803 etiarn
875 1741 941 1802 aliis
966 1743 1056 1802 rebus
1088 1744 1245 1822 probatur,
1277 1743 1426 1804 Velleium
1452 1744 1509 1805 hac
1535 1744 1565 1804 in
1586 1749 1673 1825 parte
1692 1743 1868 1805 narrationis

270 1858 408 1920 Caesaris
430 1857 654 1919 commentarios
677 1860 812 1917 secutum
836 1875 894 1916 non
915 1875 990 1917 esse.
1034 1857 1098 1930 lta,
1120 1861 1153 1916 ut
1173 1857 1306 1918 omittam
1327 1856 1451 1941 Pompei
1472 1860 1574 1938 lugam
1596 1857 1686 1918 ualde
1706 1858 1869 1937 neglegen-

268 1977 316 2033 ter
337 1973 511 2051 6611611(2.
534 1974 582 2046 49,
602 1975 652 2050 5.),
671 1972 722 2051 qni
740 1971 892 2032 Brundusi
914 1971 1064 2045 remansit,
1086 1971 1225 2032 obsessus
1243 1992 1262 2032 a
1281 1973 1412 2034 Caesare
1432 1973 1477 2052 (Β.
1501 1973 1533 2036 C.
1558 1977 1582 2034 1.
1606 1974 1655 2048 12,
1674 1974 1701 2035 3.
1723 1973 1868 2035 Druman·

270 2107 325 2147 nus
346 2089 381 2171 3,
403 2087 498 2164 438.);
531 2086 694 2147 Massiliam
721 2105 808 2166 posse
836 2085 931 2145 uideri
959 2091 1075 2166 captam
1104 2106 1171 2146 esse
1198 2094 1267 2147 ante
1289 2088 1427 2150 Caesaris
1454 2089 1483 2147 in
1503 2087 1678 2169 Hispaniam
1706 2087 1868 2149 aduentum

268 2204 308 2282 (2.
328 2205 376 2276 bt),
397 2203 446 2279 2.),
467 2222 535 2262 curn
555 2202 649 2262 multo
667 2211 735 2282 poet
749 2201 843 2263 Bruto
863 2209 894 2260 et
914 2200 1059 2263 Trebonio
1077 2201 1248 2262 traderetur
1267 2203 1311 2281 (B.
1334 2205 1366 2265 C.
1386 2204 1413 2264 2.
1435 2204 1483 2276 22,
1506 2205 1561 2280 6.)
1582 2201 1731 2263 66161166
1752 2200 1867 2293 Romae

269 2317 425 2378 6111661616
445 2317 659 2398 pecuniamque
680 2316 719 2377 ad
740 2316 852 2377 bellum
871 2315 1034 2376 adhibitam
1053 2319 1186 2393 esse³³),
1208 2322 1311 2377 contra
1331 2317 1424 2399 ipsius
1447 2317 1584 2380 Caesaris
1607 2318 1700 2376 uerba
1719 2315 1763 2394 (Β.
1787 2315 1818 2377 C.
1842 2319 1866 2376 1.

272 2435 316 2507 14,
338 2435 378 2506 11.)
400 2432 515 2493 silentio
537 2431 791 2514 praetemuittitur.
834 2431 914 2491 Illud
943 2450 1015 2490 nero
1036 2430 1123 2511 plane
1144 2431 1274 2491 absurde
1295 2431 1325 2491 in
1339 2431 1477 2492 Caesaris
1496 2431 1615 2491 laudem
1638 2430 1867 2491 comminiscitur

257 2547 413 2623 Velleius,
428 2547 586 2608 Afranium
595 2553 627 2607 et
637 2545 797 2620 Petreium,
813 2546 1509 2625 161361661661660666616616166666666166,
1523 2566 1556 2606 se
1567 2518 1867 2625 suosque'tradidisse

269 2663 308 2740 (2.
323 2665 371 2737 51),
394 2666 442 2739 4.).
479 2663 544 2722 Inro
564 2662 680 2722 sortiter
701 2670 835 2742 pugnant
857 2661 896 2722 ad
916 2660 1049 2721 Ilerdam
1071 2660 1461 2740 (Caesareanum),
1483 2667 1516 2721 ut
1536 2661 1648 2723 Caesar
1668 2660 1733 2742 ipse
1754 2680 1818 2720 rem
1839 2660 1869 2720 in

268 2777 414 2857 angustiis
435 2777 526 2837 tirissc
541 2777 621 2837 dicat
642 2780 680 2855 (1.
702 2776 750 2851 48,
768 2779 816 2853 5.).
855 2777 1032 2855 Quanquam
1055 2781 1132 2849 sunt,
1153 2775 1203 2855 qui
1223 2776 1380 2837 Afranium
1400 2777 1573 2837 saltatorem
1593 2775 1755 2850 meliorem,
1780 2794 1869 2854 quam

269 2892 478 2973 imperatorem
507 2891 734 2951 16166611611661
753 2880 884 2969 (111637,
901 2891 965 2964 411,
986 2910 1074 2970 quem
1102 2891 1236 2970 sequitur
1255 2891 1445 2951 Drumannua
1466 2895 1496 2965 1,
1515 2891 1561 2952 39.
1583 2891 1611 2964 3,
1631 2891 1712 2965 457.)
1757 2889 1868 2952 Contra
1951 2962 1956 2975 ¹

268 3006 371 3066 Liuius
393 3007 549 3066 1111661116
579 3026 645 3066 curn
667 3005 801 3086 Scipione
823 3004 916 3066 Bruto
937 3005 1039 3067 Cassio
1066 3005 1253 3066 coniunctum
1276 3025 1366 3087 saepe
1386 3010 1419 3065 nt
1438 3005 1584 3084 insignem
1605 3004 1701 3064 uirum
1727 3004 1868 3065 laudauit

269 3121 379 3198 (Taciti,
393 3142 459 3183 ann.
482 3124 510 3195 4,
531 3124 578 3182 34.
609 3120 822 3181 Mommsenius
843 3120 871 3193 3,
892 3120 972 3195 375.)

372 3236 457 3297 Β6116
486 3242 586 3296 66166
606 3235 768 3316 Hispanico
790 3234 887 3309 finito,
907 3234 1068 3296 Caesarem
1086 3239 1118 3294 61
1135 3234 1310 3294 dictatorem
1332 3254 1400 3294 esse
1418 3234 1529 3295 factum
1553 3239 1585 3294 et
1606 3233 1733 3294 Romam
1753 3233 1867 3294 redisse

269 3350 313 3431 (Β.
336 3351 368 3413 C.
392 3352 419 3412 2.
443 3352 491 3425 21,
510 3354 539 3412 5.
563 3350 618 3410 Dio
638 3353 686 3420 41,
707 3352 754 3413 30.
778 3350 855 3431 App.
873 3350 901 3423 2,
925 3349 995 3426 48),
1023 3348 1073 3408 ubi
1100 3348 1184 3427 leges
1214 3348 1282 3408 tulit
1300 3348 1337 3407 de
1359 3369 1429 3410 aere
1450 3348 1545 3409 alieno
1565 3347 1690 3427 aliisque
1708 3348 1746 3408 de
1768 3350 1867 3424 rebus,

269 3466 313 3545 (Β.
336 3466 367 3527 C.
389 3467 418 3539 3,
438 3468 465 3524 1.
487 3466 567 3528 Suet.
592 3464 648 3525 Iul.
662 3465 708 3524 42.
732 3464 914 3538 Β6116111166,
935 3463 973 3523 H.
986 3463 1010 3523 Ι.
1023 3462 1060 3524 R.
1082 3463 1198 3544 [1857]
1225 3465 1247 3537 1,
1260 3463 1300 3525 48
1320 3467 1376 3543 sq.)
1398 3483 1520 3545 prorsus
1540 3462 1720 3541 neglegitur.
1753 3463 1869 3525 Deinde

268 3580 358 3641 ualde
388 3586 521 3640 contorte
549 3599 585 3642 ea
605 3586 808 3660 exponuntur,
831 3598 908 3658 quae
933 3582 1003 3638 ante
1032 3597 1163 3660 pugnam
1186 3577 1422 3658 Dyrrhachicam
1442 3597 1615 3637 66666166..
1657 3577 1762 3656 h'eqne
1790 3579 1868 3638 enim

269 3694 388 3774 quantis
400 3694 512 3757 Caesar
531 3694 756 3754 difficultatibus
777 3693 968 3767 laborauerit,
990 3693 1063 3754 satis
1085 3693 1220 3773 adparet,
1241 3699 1401 3772 antequam
1420 3693 1449 3752 in
1464 3692 1622 3756 Graeciam
1643 3693 1869 3768 transmitteret,

268 3829 365 3890 neque
393 3814 503 3897 quanta
528 3809 592 3868 6166
617 3808 729 3869 1661161
754 3808 785 3866 16
805 3806 962 3871 Graeciam
989 3806 1171 3886 transgressi
1200 3807 1334 3907 pericula
1354 3811 1424 3868 ante
1444 3807 1607 3868 aduentum
1627 3806 1669 3867 M.
1690 3808 1802 3868 Antoni
1823 3808 1870 3887 (B.

270 3925 301 3988 C.
323 3925 352 3997 3,
369 3925 437 4001 25.)
479 3925 564 3993 Quae
592 3924 690 3984 omnia
718 3943 777 3983 non
801 3942 841 3982 ex
871 3921 1065 3982 admiratione
1089 3921 1227 3984 Caesaris
1254 3921 1344 3982 nimia
1370 3922 1548 4003 repetenda,
1576 3922 1630 3983 sed
1658 3923 1868 4001 neglegentiae

268 4040 463 4101 condonanda
483 4039 619 4099 arbitror.
663 4038 751 4108 Quod
773 4057 845 4098 uero
867 4036 1008 4118 temporis
1028 4042 1209 4098 momentum
1229 4036 1267 4114 (2.
1288 4037 1336 4111 51,
1361 4037 1401 4113 3.)
1425 4036 1558 4097 Velleius
1579 4038 1775 4119 spectauerit,
1803 4058 1870 4098 eum

268 4160 415 4229 narraret,
435 4154 563 4234 primum
578 4153 739 4214 Caesarem
754 4151 876 4234 Pompei
897 4151 1004 4212 castris
1025 4170 1080 4211 sua
1100 4150 1243 4225 iunxisse,
1263 4170 1335 4210 mox
1355 4151 1505 4211 obsidione
1523 4171 1592 4211 eum
1612 4153 1767 4232 pressisse,
1787 4153 1871 4214 dubi·

269 4271 326 4332 tari
348 4273 455 4351 potest
498 4267 550 4327 Bis
566 4268 645 4327 enirn
663 4287 755 4349 prope
776 4266 954 4348 Pompeiana
971 4286 1026 4326 sua
1047 4265 1160 4327 Caesar
1178 4269 1278 4326 castra
1298 4266 1408 4346 posuit:
1434 4266 1473 4326 ad
1485 4267 1601 4347 Apsum
1622 4265 1741 4341 flumen,
1761 4268 1811 4328 ubi
1829 4269 1868 4327 de

269 4406 343 4468 pace
367 4386 514 4464 agebatur
541 4382 585 4462 (Β.
609 4382 640 4445 C.
662 4383 690 4445 3.
715 4384 759 4456 13,
780 4384 813 4454 6;
839 4384 884 4456 19,
908 4385 958 4459 1.),
985 4392 1017 4441 61
1043 4381 1121 4442 61166
1143 4381 1342 4463 Asparagium
1370 4381 1409 4441 ad
1431 4380 1584 4442 Genusum
1602 4382 1641 4459 (3.
1658 4383 1707 4455 41,
1733 4383 1770 4457 1.)
1809 4382 1869 4442 Sed

267 4502 328 4562 illic
349 4501 462 4563 Caesar
488 4500 569 4582 prior
596 4504 695 4561 castra
722 4499 835 4581 posuit,
863 4498 1112 4580 adpropinquanit
1132 4498 1158 4557 61
1180 4495 1352 4577 Pompeium
1383 4495 1429 4555 hic
1449 4493 1535 4554 nimis
1553 4513 1647 4575 prope
1669 4494 1746 4554 alter
1766 4497 1804 4555 ab
1828 4495 1870 4556 al·

268 4619 333 4676 tero
353 4617 445 4677 fuisse
465 4636 523 4675 non
543 4615 671 4675 uidetur.
713 4614 856 4674 Attamen
879 4614 925 4673 hic
947 4614 1028 4673 locus
1048 4612 1208 4691 significari
1227 4611 1377 4692 putandus
1398 4615 1452 4669 est.
1493 4607 1644 4669 Praelium
1665 4609 1769 4684 etiam,
1791 4609 1870 4689 quod

269 4730 308 4790 ad
322 4729 540 4811 Dyrrhachium
558 4729 747 4791 commissum
767 4732 823 4803 est,
844 4726 984 4809 Pompeio
1000 4727 1096 4806 magis
1113 4746 1288 4809 prosperum
1308 4725 1400 4785 161666
1420 4743 1487 4783 666
1509 4723 1624 4798 dicitur,
1645 4723 1731 4783 nimis
1752 4724 1871 4786 uidetur

269 4845 426 4905 extenuari
445 4846 484 4922 (2.
506 4847 554 4919 51,
572 4846 620 4922 3.).
661 4842 739 4903 Nam
760 4843 799 4904 ad
819 4862 966 4902 summum
982 4841 1141 4902 discrimen
1161 4840 1300 4902 Caesaris
1320 4859 1368 4900 res
1389 4838 1538 4899 adductae
1559 4843 1637 4913 sunt,
1658 4839 1767 4900 611161
1787 4839 1869 4914 illud,

268 4979 326 5040 quo
350 4959 544 5024 Thessalia-ra
560 4961 679 5044 petiisse
700 4978 768 5018 eum
789 4963 893 5018 narrat
909 4957 1052 5032 Velleius,
1072 4958 1162 5035 t'ugae
1180 4975 1324 5037 perquam
1345 4953 1440 5013 simile
1461 4956 1549 5013 esset.

379 5130 419 5194 ³⁵)
439 5133 504 5196 App.
516 5132 604 5192 2,41;
632 5125 669 5178 τὰ
692 5123 721 5177 dd
744 5121 855 5195 κλεῖθρα
881 5127 938 5175 τῶν
956 5121 1090 5191 δημοσίων
1107 5127 1237 5190 ταμιείων
1254 5119 1374 5190 ἀπέκοψε
1390 5125 1433 5171 καὶ
1453 5122 1510 5170 τῶν
1528 5116 1670 5191 δημάρχων
1687 5120 1727 5171 ἑνὶ
1743 5117 1870 5187 Μετιῖλῳ

267 5214 397 5270 amidam
417 5213 541 5268 θάνατον
559 5212 666 5282 11161161.
696 5214 747 5267 Cio.
768 5213 800 5264 ad
820 5219 873 5264 Att.
894 5217 918 5264 t.
939 5217 981 5276 21,
1003 5217 1027 5265 2.
1045 5213 1095 5263 Dio
1115 5216 1163 5273 41,
1186 5216 1225 5263 17.
1262 5212 1352 5262 Vtrum
1372 5219 1455 5260 autem
1474 5215 1586 5263 claustra
1603 5209 1720 5275 fregerit,
1743 5225 1775 5259 an
1792 5209 1866 5272 61661,

267 5324 283 5359 6
303 5305 412 5358 Lentulo
431 5304 528 5367 relicta,
548 5304 683 5372 aperuerit,
699 5301 817 5370 perpami
835 5302 949 5351 interest.

1642 5385 1660 5444 5
