4320 5902
1060 555 1098 633 11

280 714 534 779 enumerationem
550 715 590 792 (2,
610 716 659 781 39.
679 718 699 778 2
721 720 754 781 et
773 718 822 794 3.).
863 717 926 783 Vbi
941 723 1099 800 postquem
1117 720 1157 783 de
1176 719 1284 785 Galliis
1305 740 1325 785 a
1343 720 1481 787 Domitiis
1498 721 1687 802 Caesareque
1708 722 1882 804 perdomitis

279 835 314 897 et
336 828 540 910 debithynia
565 829 706 893 Numidia
732 830 835 899 Cilicia
861 833 949 895 tinctis
973 833 1173 916 stipendiariis
1200 833 1370 916 expositum
1393 840 1455 912 est,
1485 835 1644 901 Octauiani
1668 840 1702 897 et
1727 834 1829 900 Tiberi
1849 837 1889 903 iu·

277 938 427 1029 Hispania
453 948 485 1007 et
501 943 652 1009 Dalmatis
675 945 756 1009 bella
780 948 1011 1030 praecipiuntur.
1052 947 1186 1015 Similem
1204 948 1236 1012 in
1255 949 1376 1013 modum
1396 949 1569 1015 Ciceronem
1594 950 1626 1011 in
1649 949 1791 1013 exsilium
1811 951 1882 1015 mis·

278 1078 346 1123 sum
362 1077 431 1121 esse
449 1058 587 1140 deplorat
603 1064 636 1121 et
656 1061 795 1123 continuo
814 1081 884 1125 eum
905 1068 1079 1131 reuocatum
1092 1081 1161 1125 esse
1180 1063 1275 1129 addit
1306 1061 1416 1126 Postea
1431 1064 1552 1127 demum
1565 1063 1710 1129 Catonem
1720 1064 1770 1145 qui
1781 1065 1881 1148 paullo

279 1177 348 1256 post
371 1172 546 1237 Ciceronem
571 1173 669 1237 Roma
690 1175 794 1251 cessit,
825 1175 857 1236 in
885 1174 1020 1258 Cyprum
1045 1177 1213 1256 relegatum
1236 1196 1304 1240 esse
1331 1177 1469 1257 adiungit
1493 1179 1533 1257 (2,
1554 1181 1602 1243 45.
1622 1180 1642 1242 3
1663 1185 1696 1242 et
1713 1181 1763 1258 4.).
1813 1180 1882 1251 Quo

279 1288 312 1351 in
336 1306 460 1351 numeru
483 1288 583 1352 omnia
608 1308 647 1353 ea
672 1290 810 1371 ponenda
834 1296 918 1366 sunt,
951 1309 1029 1371 quae
1054 1311 1146 1372 supra
1165 1291 1215 1371 (L)
1240 1291 1469 1355 commemoraui
1488 1293 1691 1375 pragmaticae
1713 1293 1881 1376 scriptionis

280 1402 416 1482 muge

380 1517 430 1581 Ex
449 1518 497 1580 his
515 1518 608 1597 igitur
627 1518 762 1581 omnibus
784 1519 950 1599 configitur,
978 1519 1078 1582 Vellei
1095 1521 1271 1602 opusculum
1287 1520 1319 1581 in
1338 1521 1413 1583 duas
1433 1523 1537 1603 partes
1553 1539 1621 1582 esse
1643 1521 1881 1603 dispesoendum,

280 1651 406 1714 querum
424 1633 534 1708 ultera,
553 1632 614 1693 leui
633 1640 665 1694 ct
681 1633 768 1713 quasi
785 1633 911 1712 sugitiuo
933 1634 1047 1696 calaum
1067 1643 1314 1715 cremansque
1335 1635 1374 1697 ad
1396 1635 1523 1717 primum
1543 1635 1762 1697 triumuiratum
1782 1635 1882 1699 Lucae

280 1754 455 1811 renouatum
476 1768 526 1809 res
545 1748 768 1823 describentur,
789 1747 885 1808 altera
905 1767 942 1808 ee
962 1755 1160 1830 exponantur,
1180 1768 1257 1829 quae
1277 1750 1340 1810 siue
1359 1770 1400 1810 ex
1420 1750 1626 1811 intentioribus
1648 1750 1753 1811 studiis
1773 1750 1882 1815 humes

279 1863 343 1925 siue
362 1862 481 1944 abipso
496 1863 642 1944 scriptore
663 1865 800 1945 spectate
818 1862 960 1924 maiorem
978 1883 1080 1925 rerum
1098 1863 1253 1927 seientiam
1273 1865 1442 1926 exhibeant.

1065 2150 1101 2215 V.

271 2319 274 2325 '
380 2312 423 2376 Vt
443 2318 544 2377 emen
563 2317 675 2393 quante
688 2311 805 2375 Velleio
825 2312 902 2373 fides
922 2309 1121 2372 adtribuenda
1140 2311 1187 2386 sit,
1208 2312 1362 2375 diiudicari
1382 2313 1486 2396 possit,
1506 2332 1630 2374 necesse
1652 2322 1707 2388 est,
1728 2333 1801 2394 qnos
1819 2314 1882 2376 scn-

278 2434 327 2492 tes
349 2430 381 2491 in
406 2427 575 2490 enarranda
602 2427 724 2492 historie
743 2430 865 2489 secutus
893 2426 1215 2513 indecem-breuibus
1236 2447 1395 2509 exponere.
1439 2427 1508 2498 Qua
1532 2428 1563 2488 in
1590 2446 1623 2488 re
1645 2429 1806 2489 tenendum
1825 2432 1883 2506 est,

280 2544 406 2618 Velleio,
425 2543 476 2624 qui
498 2541 594 2604 maius
614 2561 688 2624 cpus
708 2540 872 2616 moliretur,
893 2540 1065 2619 diligentius
1085 2541 1257 2622 posterioris
1272 2543 1414 2624 temporis
1427 2542 1768 2624 ientesperscrutandos
1779 2542 1880 2605 fuisse.

279 2660 341 2723 Sed
367 2678 427 2721 non
454 2676 617 2736 nunquam,
645 2661 680 2717 ut
705 2655 770 2716 eius
797 2653 876 2734 quod
902 2654 1087 2717 describeret
1111 2656 1252 2737 temporis
1280 2677 1330 2717 res
1351 2657 1460 2718 elarius
1481 2656 1733 2739 perspicerentur,
1759 2657 1883 2719 descen·

278 2774 411 2835 dendum
429 2773 458 2835 ei
477 2773 534 2833 fuit
552 2772 592 2834 ad
611 2770 821 2851 antiquitatem
838 2769 1110 2852 peruectigendam.
1143 2769 1287 2831 Attamen
1306 2770 1396 2832 ualde
1417 2771 1488 2831 milri
1505 2772 1524 2832 ii
1540 2791 1641 2833 errore
1656 2772 1805 2847 uidentur,
1820 2771 1883 2853 .qui

279 2887 396 2949 Velleio
423 2872 588 2969 perfectam
612 2886 781 2948 litterarum
807 2892 839 2948 et
860 2885 1046 2948 Graecarum
1073 2891 1105 2945 et
1123 2884 1327 2946 Romanarum
1354 2886 1551 2965 cognitionem
1579 2885 1671 2947 fuisse
1692 2886 1881 2951 aduenerant

279 3002 371 3066 Cuius
388 3002 532 3083 opinionis
554 3001 722 3062 testimonio
741 3000 889 3062 Kreusius
908 2999 1000 3061 XXI.
1023 2998 1132 3060 adtulit
1151 3000 1180 3074 2,
1201 3000 1286 3060 6904
1304 3004 1335 3062 et
1357 3001 1421 3063 123.
1444 3001 1471 3061 2.
1518 2999 1596 3063 Nam
1612 3001 1691 3081 quod
1711 3000 1742 3061 in
1762 2999 1883 3064 Vatinio

278 3117 350 3181 dicit
370 3115 503 3198 corperis
524 3115 742 3177 deformitatem
765 3135 833 3175 cum
855 3114 956 3194 ingeni
979 3113 1163 3196 turpitudine
1187 3114 1366 3190 certauisse,
1394 3119 1428 3177 ut
1452 3115 1568 3175 enimus
1593 3114 1766 3194 dignissimo
1791 3115 1882 3176 domi-

279 3231 346 3293 eilic
366 3229 499 3291 inclusus
519 3229 683 3305 uideretur,
700 3232 733 3291 et
751 3229 831 3310 quod
851 3229 1023 3309 Augustum
1044 3227 1218 3289 morientem
1238 3229 1270 3291 in
1290 3248 1345 3289 sua
1362 3229 1527 3291 resolutum
1541 3229 1625 3290 initia
1640 3232 1753 3303 narrat,
1773 3248 1815 3289 ex
1828 3229 1882 3306 eis,
1909 3223 1911 3227 ’

280 3346 423 3426 dogmate
441 3344 682 3427 philosophorum
695 3343 880 3406 Graecorum
899 3363 967 3404 eum
987 3342 1180 3425 perdidicisse
1200 3342 1329 3422 conligit
1364 3342 1425 3404 Sed
1446 3344 1520 3405 haec
1538 3345 1631 3406 uerba
1643 3343 1716 3404 nihil
1728 3351 1808 3418 sunt,
1825 3342 1882 3407 nisi
1964 3347 1966 3352 '

279 3460 426 3525 formulae
443 3458 577 3533 dicendi,
600 3457 678 3519 iusto
698 3458 769 3520 illae
794 3457 915 3538 quidem
936 3456 1220 3558 magnilicentiores,
1247 3476 1344 3537 neque
1365 3467 1465 3519 tamen
1486 3478 1526 3519 ex
1545 3457 1804 3547 Pythagoreorum
1832 3459 1883 3521 uel

279 3575 462 3641 Academiae
488 3573 566 3634 ludis
593 3572 784 3653 repetendae.
822 3572 881 3633 llla
909 3576 1011 3632 autem
1034 3570 1170 3634 doctrina
1193 3593 1252 3634 non
1277 3573 1365 3634 unius
1385 3573 1517 3636 Socratis
1543 3573 1614 3649 suit,
1642 3573 1697 3634 sed
1724 3574 1882 3649 uniuersae

279 3688 472 3769 antiquitatis.
503 3687 649 3749 Attamen
660 3685 796 3748 Velleius
816 3685 1027 3769 philosophiae,
1048 3705 1125 3767 quae
1147 3686 1263 3762 dieitur,
1285 3688 1453 3763 eclectieae,
1472 3688 1591 3768 qualem
1604 3688 1755 3750 Ciceronis
1774 3688 1806 3749 in
1824 3688 1883 3771 pri·

279 3804 337 3864 mis
357 3803 469 3884 scripta
491 3801 725 3884 suppeditarent,
744 3820 855 3882 expers
875 3800 968 3860 fuisse
988 3819 1047 3861 non
1068 3800 1219 3883 putandus
1239 3806 1293 3861 est.
1335 3801 1421 3872 Quae
1442 3805 1473 3861 et
1492 3802 1578 3863 aulae
1598 3803 1665 3862 usui
1686 3803 1795 3884 optime
1816 3822 1883 3864 con-

279 3917 427 3993 ueniebat,
447 3916 616 3977 litterarum
633 3915 813 3998 splendoren
833 3914 1021 3989 adlectantis,
1041 3918 1076 3976 et
1087 3915 1227 3975 facillime
1247 3915 1359 3976 hauriri
1378 3916 1481 3996 potnit
1519 3917 1692 3979 Ciceronem
1711 3923 1812 3978 antem
1824 3937 1884 3979 non

228 4070 233 4078 ·
278 4032 343 4094 sine
368 4031 459 4094 animi
481 4031 644 4092 intentione
671 4049 690 4092 e
711 4029 827 4090 Velleio
851 4028 1017 4110 perlectum
1045 4047 1129 4104 esse,
1158 4049 1193 4091 eo
1221 4029 1299 4109 qnod
1325 4029 1444 4111 saepius
1473 4031 1622 4092 scribendi
1648 4032 1713 4092 eius
1738 4032 1884 4094 rationem

203 4160 210 4166 '
278 4146 414 4213 imitatu
432 4146 600 4209 edocemur.
625 4145 689 4223 (cfr.
712 4143 912 4207 Ruhnkenius
935 4143 974 4204 ed
999 4146 1024 4204 1.
1049 4144 1094 4218 16,
1114 4147 1134 4204 4
1153 4165 1183 4227 p.
1200 4145 1247 4206 65.
1274 4143 1318 4219 18,
1341 4147 1354 4205 1
1378 4165 1405 4226 p.
1423 4145 1475 4218 72;
1505 4145 1642 4222 2321
1667 4167 1694 4228 p.
1711 4147 1773 4210 179.
1794 4148 1882 4222 34,3

278 4261 389 4344 pres.
411 4261 461 4336 35,
481 4262 499 4321 5
521 4281 548 4342 p.
565 4260 629 4321 195.
652 4261 701 4333 40,
723 4261 741 4319 4
761 4280 789 4340 p.
804 4259 871 4319 212.
894 4259 941 4332 64,
962 4258 981 4320 3
1003 4279 1031 4339 p.
1047 4258 1112 4319 127.
1143 4257 1276 4318 Kritnius
1295 4257 1450 4336 XVHH.)
1498 4260 1663 4339 Sed-quod
1689 4261 1786 4340 magis
1813 4261 1885 4324 ierit

278 4377 319 4438 ad
337 4375 523 4458 propositum
543 4378 686 4447 nestrum,
705 4372 836 4434 dubitari
856 4390 916 4432 non
927 4373 1035 4453 potest,
1055 4370 1128 4453 quin
1139 4391 1230 4454 saepe
1242 4371 1378 4432 Velleius
1390 4373 1506 4449 iudicia,
1525 4393 1602 4454 quae
1622 4373 1660 4434 de
1676 4375 1793 4457 pristini
1811 4380 1883 4437 tem-

278 4488 358 4573 poris
380 4488 454 4549 uiris
478 4491 552 4563 t'ert,
580 4507 621 4547 ex
651 4485 800 4549 Ciceronis
826 4484 946 4570 scriptis
972 4483 1127 4568 repetierIt
1151 4489 1241 4565 atque
1267 4486 1395 4548 colorem
1424 4488 1515 4550 totius
1541 4489 1684 4571 cretionis
1703 4510 1745 4551 ex
1766 4490 1810 4550 eis
1830 4509 1884 4553 ex-

278 4602 441 4684 preeunt·
468 4601 608 4677 Querens
625 4602 683 4673 lnce
702 4605 807 4684 aperte
827 4601 940 4671 famum
962 4608 1025 4675 est,
1043 4601 1094 4663 ubi
1113 4600 1252 4666 Caesaris
1271 4601 1512 4665 interlectoribus
1532 4605 1762 4685 praeteriturum
1783 4623 1882 4667 rerum

280 4717 457 4780 obliuionem
476 4736 650 4779 concessam
669 4736 736 4777 esse
758 4717 852 4778 refert
875 4717 914 4794 (2.
929 4716 977 4791 58,
993 4717 1048 4791 1.),
1073 4714 1148 4775 illud
1166 4715 1197 4776 in
1218 4714 1338 4776 Vatinio
1359 4716 1555 4779 describendo
1576 4719 1825 4780 animaduertitur
1843 4719 1883 4799 (2.
1911 4760 1913 4764 ι
2010 4787 2015 4797 ,

279 4830 318 4894 69
347 4834 382 4906 4;
410 4832 457 4893 cll.
482 4831 542 4895 Cic.
560 4830 673 4895 inVat
693 4832 754 4913 54.
769 4831 845 4912 539.
868 4829 982 4892 udAtt
997 4830 1024 4892 2.
1037 4830 1067 4906 9,
1080 4829 1135 4908 2.),
1156 4830 1287 4891 maxime
1311 4835 1412 4892 autem
1431 4831 1530 4892 elucet
1549 4852 1590 4893 ex
1610 4833 1663 4908 eis,
1684 4854 1760 4915 quae
1779 4835 1818 4895 de
1838 4833 1883 4897 Ti

278 4945 410 5011 Gracchi
431 4947 577 5009 seditione
599 4949 770 5010 narrantur.
807 4945 897 5006 Illum
919 4940 1000 5007 enim
1022 4943 1157 5007 Velleius
1184 4932 1257 5006 dicit
1277 4948 1436 5026 propterea
1457 4966 1476 5007 a
1497 4947 1580 5008 bonis
1601 4947 1781 5025 desciuisse,
1805 4950 1885 5030 quod

275 5060 413 5141 aeriter
447 5062 555 5134 ferret,
593 5059 698 5122 lecdus
733 5058 948 5121 Numantinum
980 5058 1157 5120 aMancinc
1185 5059 1251 5141 ipso
1282 5059 1485 5120 intercedente
1513 5060 1619 5121 initum
1645 5083 1664 5124 a
1691 5063 1805 5126 Senatu
1832 5064 1885 5126 im·

276 5176 404 5259 probari.
460 5174 589 5237 Prorsus
624 5174 731 5235 eodem
764 5174 853 5236 modo
879 5174 983 5236 Cicero
1010 5175 1047 5233 de
1075 5172 1187 5236 Greclri
1212 5172 1343 5234 tumultu
1368 5173 1480 5235 iudicat
1504 5150 1599 5255 (Brut.
1621 5178 1637 5261 ξ
1659 5179 1723 5240 103.
1755 5179 1793 5240 de
1820 5179 1884 5244 har.

275 5309 355 5372 resp.
376 5291 483 5370 513).
526 5289 615 5360 Quod
643 5289 733 5350 etiarn
760 5289 841 5350 cadit
861 5289 891 5348 in
911 5286 943 5351 C.
969 5287 1147 5351 Gracchum

1637 5388 1684 5449 ps
