4290 5902
1073 533 1097 607 b

290 702 449 768 Corinthus
467 722 525 781 qno
545 720 622 763 anuo
642 702 760 763 condita
779 701 818 762 sit
839 701 883 762 bis
903 705 1057 762 narratum
1078 703 1118 778 (l,
1138 701 1158 763 3
1180 701 1196 781 5
1214 701 1241 763 3.
1264 708 1296 759 et
1321 699 1356 762 13
1379 700 1396 779 S
1416 701 1461 775 1.).
1514 698 1595 758 lllud
1611 701 1712 759 autera
1733 717 1774 758 ex
1799 697 1891 759 nimia

291 817 415 883 leuitate
437 823 534 877 ortum
554 819 615 890 est,
645 789 724 895 quod
743 815 915 898 Pompeium
937 835 1003 876 cum
1021 815 1129 878 Crasso
1149 822 1181 876 et
1202 814 1334 877 Caesare
1352 814 1569 875 triumuiratum
1588 813 1677 874 inisse
1698 818 1809 886 narrat,
1829 831 1888 892 quo
1964 886 1968 895 Ι

290 951 343 1005 ea,
358 952 435 1012 quae
455 931 486 991 in
507 929 581 991 Asia
600 929 753 991 ordinatus
774 935 873 1005 esset,
895 931 1142 992 confirmarentur
1161 932 1201 1009 (2,
1215 932 1255 991 44
1276 932 1292 1010 5
1311 931 1358 1007 2).
1409 929 1471 990 Sed
1489 928 1533 989 nil
1551 947 1654 989 eorum
1675 947 1754 1008 quae
1772 927 1890 989 nouiter

290 1047 322 1109 in
341 1046 416 1108 Asia
431 1045 588 1127 Pompeius
608 1044 770 1105 instituerit
787 1045 941 1119 adfertur,
960 1046 999 1124 (2
1020 1048 1068 1120 37,
1088 1050 1116 1107 5.
1137 1047 1186 1121 38,
1199 1048 1230 1123 6)
1258 1045 1330 1125 quin
1356 1045 1447 1106 etiarn
1476 1063 1514 1104 ne
1539 1049 1644 1126 postea
1664 1043 1798 1122 quidem,
1828 1043 1888 1117 uhi,

290 1161 403 1226 &esar
440 1159 626 1221 commatum
653 1159 814 1249 adsecutus
840 1167 900 1234 est,
933 1165 1033 1220 utrum
1058 1161 1111 1222 illa
1137 1181 1158 1222 a
1179 1161 1287 1244 populo
1314 1160 1487 1221 confirmata
1512 1159 1572 1220 sint
1596 1178 1690 1220 necne
1720 1157 1889 1239 explicatur
1939 1159 1940 1163 ’

291 1276 330 1356 (2,
344 1279 412 1353 ia).
464 1274 565 1337 Simile
590 1274 661 1354 quid
690 1272 807 1335 Velleio
833 1274 941 1335 accidit
961 1275 991 1336 in
1013 1277 1103 1337 rebus
1126 1276 1283 1337 narrandis
1304 1275 1443 1338 Caesaris
1470 1279 1596 1335 mortem
1617 1273 1768 1334 imecutis
1809 1271 1887 1334 Nam

291 1410 358 1453 oum
382 1390 542 1451 coniuratis
569 1389 649 1450 dicat
672 1389 901 1470 praeteritarum
927 1409 1028 1451 rerum
1055 1390 1230 1452 oblimonom
1257 1408 1429 1451 concessam
1454 1408 1521 1450 esse
1543 1389 1590 1468 (2,
1606 1389 1646 1450 58
1666 1390 1685 1469 S
1705 1391 1753 1466 4),
1780 1389 1886 1448 eodem
1958 1454 1960 1458 ,

291 1505 411 1566 decreto
441 1509 576 1565 senatum
606 1508 673 1564 acta
694 1501 832 1565 Caesaris
858 1510 924 1564 rata
952 1503 1090 1565 habuisse
1117 1511 1206 1585 atque
1233 1524 1309 1584 quae
1335 1523 1376 1563 ex
1402 1503 1521 1585 seriptis
1541 1503 1610 1564 eius
1626 1503 1888 1585 promulgarentur

291 1626 380 1682 antea
391 1618 580 1680 confirmasse
597 1617 711 1679 omittit.
739 1616 806 1687 Quo
820 1617 862 1692 fit,
874 1623 907 1678 ut
920 1637 997 1697 quae
1011 1629 1115 1700 postea
1126 1620 1166 1698 (2,
1177 1620 1216 1681 ol)
1229 1619 1245 1699 ς
1257 1621 1287 1695 4)
1308 1616 1346 1677 de
1357 1618 1432 1679 actis
1444 1618 1581 1680 caesaris
1598 1618 1730 1700 proferat
1744 1620 1782 1680 ab
1794 1619 1887 1679 Anto-

291 1734 339 1796 nio
360 1733 506 1816 corruptis
517 1754 574 1814 quo
589 1735 756 1815 pertineant
766 1753 824 1794 non
835 1732 921 1793 l'acile
933 1732 1200 1812 intellegatur(clr.
1211 1734 1271 1795 Cic.
1284 1732 1359 1794 Phil.
1370 1733 1416 1813 25
1434 1735 1496 1795 100.
1524 1733 1713 1795 Drumannus
1729 1737 1754 1807 i,
1774 1735 1813 1796 94
1829 1736 1888 1810 ⁸⁸).

391 1849 477 1919 Quae
505 1868 572 1908 cum
599 1848 641 1908 ita
668 1848 741 1922 sint,
767 1847 853 1909 facile
876 1848 989 1908 liritzio
1007 1847 1119 1909 LXVI.
1141 1848 1358 1920 adsentiamur,
1385 1849 1434 1928 qui
1465 1869 1538 1931 prae
1563 1849 1717 1910 eeleritate
1738 1848 1887 1910 Velleium
1957 1873 1959 1877 ’

291 1984 350 2028 nou
369 1965 410 2025 ita
432 1984 504 2045 opus
526 1963 628 2024 limare
649 1951 780 2044 potuisse
801 1968 911 2034 censet,
934 1970 967 2022 ut
988 1962 1026 2023 ad
1050 1964 1260 2045 perfectionem
1280 1962 1429 2043 quandam
1448 1963 1656 2032 adduceretur.

1072 2283 1115 2346 11.
1139 2288 1143 2297 ‘

392 2434 477 2495 Haec
497 2437 597 2494 autom
616 2433 736 2507 leuitas,
763 2453 852 2512 quam
871 2454 929 2495 uon
950 2453 1073 2515 paruam
1096 2453 1163 2493 esse
1182 2434 1213 2494 iu
1234 2433 1348 2495 Velleio
1369 2434 1579 2509 demonstrarii,
1600 2454 1640 2494 ex
1661 2453 1706 2508 ea,
1726 2455 1816 2514 quam
1835 2435 1888 2496 mi·

291 2551 337 2612 les
362 2555 393 2610 et
420 2569 508 2629 quam
535 2548 566 2608 in
590 2547 659 2608 aula
684 2547 792 2639 deinde
818 2546 917 2608 Tiberi
942 2549 1087 2628 degebat,
1112 2548 1174 2609 uita
1196 2549 1277 2610 haud
1304 2548 1464 2609 difficulter
1490 2549 1666 2630 explicatur.
1707 2549 1783 2612 Cum
1809 2551 1887 2610 enim

292 2665 428 2747 seipserit
456 2662 623 2736 historiam,
652 2668 684 2722 ut
704 2661 819 2723 Vinicio
834 2663 1054 2741 gratularetur,
1078 2683 1146 2724 eum
1174 2663 1263 2725 altius
1283 2664 1450 2725 reconditos
1468 2665 1565 2724 sontes
1584 2664 1741 2744 inquisisse
1760 2685 1819 2725 nen
1838 2685 1888 2747 po

291 2786 353 2843 test
377 2778 483 2861 putari.
525 2777 585 2839 Sed
614 2777 673 2838 alia
697 2778 799 2838 etiarn.
813 2789 896 2853 srmt,
922 2797 998 2857 quae
1027 2798 1067 2838 ex
1095 2778 1181 2840 aulae
1208 2778 1420 2843 consuetudine
1449 2778 1628 2860 explicanda
1654 2797 1722 2839 esse
1740 2799 1886 2841 censeam.

291 2894 424 2957 Primum
447 2893 525 2953 enirn
552 2913 648 2972 genus
675 2913 732 2972 quo
760 2894 854 2954 utitur
880 2893 997 2953 dicendi
1026 2893 1136 2954 oratori
1158 2910 1248 2975 saepe
1269 2912 1358 2974 quam
1380 2912 1480 2953 rerum
1500 2893 1636 2974 scriptori
1657 2900 1704 2954 est
1721 2894 1889 2957 adcommo·

293 3010 391 3071 datius
411 3012 451 3088 (l,
467 3009 499 3069 Η
524 3008 580 3088 §b
602 3008 630 3082 2,
651 3007 690 3067 27
713 3008 774 3088 §2
796 3009 843 3081 75,
864 3009 913 3084 3.).
949 3008 1036 3078 Quod
1057 3026 1225 3087 qiranquam
1244 3026 1298 3088 per
1317 3027 1350 3067 se
1370 3006 1531 3069 nihilfecit
1550 3008 1590 3068 ad
1609 3007 1699 3068 fidem
1719 3009 1888 3072 historicam

292 3124 535 3198 deminuendam,
564 3126 665 3183 tamen
692 3122 855 3203 perieulum
881 3122 930 3181 uel
955 3121 1052 3182 laudis
1075 3121 1199 3184 aliorum
1220 3121 1351 3207 uironam
1373 3141 1446 3201 quos
1467 3121 1631 3188 admiretur
1650 3122 1736 3184 nimia
1757 3143 1890 3204 exagge-

292 3240 413 3313 randae,
435 3239 484 3298 uel
503 3237 726 3319 uituperationia
745 3236 868 3298 aliorum
889 3236 975 3297 nimis
991 3236 1191 3298 intendendae
1209 3236 1315 3298 adesse
1336 3236 1526 3298 manifestum
1549 3241 1604 3297 est.
1641 3236 1703 3298 Sed
1722 3239 1838 3300 etiamsi
1851 3241 1890 3300 ab

292 3373 328 3416 eo
357 3353 547 3428 discesseris,
581 3353 659 3433 quod
685 3351 805 3426 nimius,
840 3356 874 3412 ut
901 3352 980 3412 iul'ra
1006 3351 1185 3426 uidebimus,
1211 3352 1311 3413 estin
1337 3352 1521 3431 quorundam
1548 3352 1720 3433 posterioris
1747 3355 1888 3436 temporis

292 3468 422 3531 uirormn
444 3468 546 3541 laude,
567 3471 649 3540 smrt,
669 3468 719 3528 ubi
733 3467 763 3528 in
779 3473 916 3550 apertum
934 3487 1066 3528 errorem
1088 3467 1235 3540 incurrat,
1256 3472 1414 3549 propterea.
1434 3467 1512 3547 quod
1533 3467 1661 3529 oratoria
1680 3468 1822 3530 adhibere
1843 3489 1889 3530 or·

292 3589 447 3656 namenta,
471 3602 559 3662 quam
580 3581 706 3664 simplici
725 3583 856 3643 oratione
879 3583 922 3644 uti
942 3583 1053 3643 maluit.
1101 3583 1149 3643 lta
1169 3581 1212 3642 Ti.
1235 3582 1403 3644 Gracchum
1425 3582 1527 3643 scribit
1552 3582 1596 3643 eis
1615 3582 1722 3662 quibus
1742 3583 1888 3645 interlice-

293 3702 376 3759 retur
403 3696 526 3758 seruitiis
554 3696 585 3757 in
611 3698 674 3757 foro
702 3697 821 3757 stetisse
843 3697 1024 3758 concientem
1052 3698 1115 3757 fere
1136 3697 1227 3759 totius
1253 3696 1359 3766 Italiac
1388 3697 1592 3777 frequentiam.
1618 3698 1697 3777 (2,3
1723 3699 1806 3778 52).
1845 3699 1889 3761 At

293 3832 360 3873 eum
386 3811 502 3872 comitia
531 3812 712 3872 haberentur
744 3831 846 3872 menso
873 3811 1011 3886 Qruntili,
1038 3811 1142 3872 rustici
1168 3815 1283 3873 aestate
1310 3811 1448 3893 prohibiti
1474 3812 1504 3872 in
1531 3814 1636 3873 urbem
1656 3833 1714 3873 non
1733 3819 1889 3874 uenerant.

292 3926 380 4009 (App.
402 3926 435 3986 Β.
456 3926 487 3988 0.
512 3927 617 4000 1,14.)
678 3925 864 3987 Simillimum
891 3931 950 4001 ost,
976 3927 1053 4007 quod
1085 3932 1233 3987 terrarum
1257 3928 1360 3987 orbem
1381 3925 1480 3988 Tiberi
1502 3927 1670 4006 digressum
1696 3928 1726 3987 in
1750 3927 1890 3988 Rhodum

292 4040 421 4101 sensisse
445 4041 524 4101 dicit.
546 4041 585 4118 (2,
609 4042 664 4102 100
686 4041 702 4120 §
726 4043 762 4117 l.)
800 4040 888 4102 Orbis
916 4041 994 4101 enim
1024 4046 1172 4101 terrarum
1197 4040 1375 4101 Parthomm
1402 4040 1538 4102 incursus
1560 4039 1678 4103 Tiberio
1710 4042 1800 4103 etiam
1826 4048 1889 4104 tum

291 4155 405 4217 Romae
433 4159 566 4216 morante
587 4160 737 4228 senserat,
764 4175 889 4235 quorum
915 4135 1036 4215 bollum'
1051 4156 1107 4237 ipsi
1134 4154 1251 4216 Tiberio
1281 4155 1453 4216 mandatum
1475 4162 1548 4217 erat.
1576 4157 1642 4235 (Dio
1661 4160 1714 4231 55,
1735 4160 1754 4220 9
1782 4180 1808 4240 p.
1829 4159 1888 4221 352

293 4269 402 4348 Stura.)
444 4269 557 4331 Eodem
584 4270 723 4331 orationis
751 4270 975 4353 amplificandae
1003 4270 1101 4332 studio
1127 4274 1301 4352 prouectum
1320 4289 1387 4330 esse
1406 4274 1477 4352 puto
1497 4270 1646 4333 Velleium
1668 4293 1736 4334 cum
1752 4272 1889 4346 Kranaio,

291 4389 326 4448 ut
350 4385 421 4446 VII.
444 4386 650 4459 Domitiorum,
674 4385 723 4465 qui
743 4385 781 4445 ad
810 4385 995 4445 consulatum
1016 4362 1224 4467 peruenissent
1244 4387 1404 4446 maximam
1427 4392 1542 4467 partem
1565 4387 1763 4469 triumphasse
1789 4406 1889 4448 narra-

293 4508 353 4573 ret;
376 4505 491 4562 constat
505 4500 583 4560 enim
606 4500 680 4560 duos
699 4499 905 4581 triumphasse.
945 4502 1013 4570 Qua
1033 4500 1071 4559 de
1092 4519 1199 4560 caussa
1219 4501 1249 4560 in
1265 4499 1412 4560 Velleium
1434 4500 1615 4561 inuehuntur
1626 4501 1738 4583 Popma
1752 4503 1809 4564 723
1831 4502 1888 4580 (ed.

292 4615 342 4692 a)
362 4615 560 4675 ananiensis
580 4616 642 4676 ma.
665 4614 797 4674 assius
819 4615 880 4674 111.
903 4615 942 4693 (1,
959 4616 995 4676 ro
1016 4616 1088 4695 aa),
1110 4615 1187 4694 quoa
1209 4635 1244 4676 00
1265 4612 1365 4675 riseri
1385 4617 1515 4694 gratiam
1536 4628 1657 4698 capara
1674 4617 1809 4678 uoluerat.
1842 4617 1890 4677 n·
1998 4602 2002 4613 ’

291 4730 383 4805 iuria,
411 4729 441 4789 ni
462 4730 555 4791 liallor.
594 4728 697 4808 Neque
718 4729 796 4789 enim
823 4729 909 4790 uideo
931 4749 998 4788 cunr
1016 4729 1217 4809 unusquisque
1240 4736 1377 4811 apertum
1399 4749 1531 4791 errorem
1549 4732 1681 4792 refutare
1702 4738 1891 4813 possetque

292 4847 380 4908 modo
408 4845 487 4927 apud
511 4844 653 4905 Domitios
681 4845 736 4905 hac
762 4865 794 4904 re
813 4844 942 4923 gratiam
969 4843 1074 4903 inierit.
1103 4879 1144 4890 -
1171 4843 1408 4924 Nonnunquam
1435 4850 1535 4906 autem
1558 4845 1680 4920 accidit,
1711 4850 1744 4906 ut
1776 4866 1835 4907 non
1860 4847 1891 4907 in

232 4982 236 4991 ·
292 4980 438 5034 errorem,
462 4960 515 5020 scd
544 4961 573 5019 in
596 4959 792 5020 insulsitatem
815 4959 963 5039 (parandam
984 4964 1107 5041 proptor
1124 4959 1242 5019 dicendi
1261 4960 1407 5043 ampullas
1428 4960 1546 5021 incidat.
1584 4959 1632 5021 Ita
1651 4959 1808 5020 Lucullum
1830 4960 1891 5022 lau·

293 5075 378 5148 dans,
399 5076 475 5155 qnod
497 5074 607 5134 bellum
628 5073 869 5134 alilhrsdaticnm
895 5073 1016 5154 egregie
1037 5073 1179 5153 gesserit,
1206 5079 1267 5134 tam
1284 5095 1373 5157 saepe
1395 5095 1462 5135 eum
1485 5074 1591 5135 uicisse
1610 5074 1708 5148 addit,
1737 5082 1770 5135 ut
1795 5076 1891 5155 magis

292 5190 421 5251 uoluisse
442 5189 654 5248 euruultimam
674 5189 752 5249 bello
774 5209 894 5249 manum
915 5190 1064 5270 imponere
1088 5207 1178 5268 quam
1194 5209 1252 5249 nen
1265 5189 1397 5270 potuisse
1411 5189 1579 5271 adpareret.
1602 5191 1640 5268 (⁹2.
1653 5190 1701 5263 33,
1720 5192 1764 5264 h).
1803 5191 1891 5260 Quod

292 5304 317 5364 si
339 5323 442 5363 uerum
464 5314 557 5377 esset,
585 5323 700 5363 summo
720 5304 875 5385 opprobrio
895 5310 978 5364 esset
999 5302 1130 5365 Lucullo.
1172 5303 1286 5364 Eodem
1305 5305 1393 5365 modo
1414 5303 1457 5364 Ti.
1480 5303 1634 5368 Gracchus
1656 5305 1703 5364 uir
1725 5305 1892 5366 nominatur
