4320 5902
993 550 995 554 “
1062 524 1107 611 18

282 704 341 769 Gai
359 710 515 765 enumeret
536 705 574 781 (2.
595 707 623 777 6,
644 703 664 763 2
686 710 718 764 et
736 704 787 781 3.),
807 723 866 764 ιιοιι
895 723 968 782 quos
985 704 1124 766 habuerit
1143 722 1321 785 progressus
1341 702 1447 764 seditio
1469 702 1626 784 depingat,
1645 706 1717 781 (qua
1741 720 1774 760 re
1796 699 1886 760 etiam

280 821 466 901 explicatur,
497 838 551 879 cur
581 818 669 900 primi
694 818 878 898 alteriusque
897 818 1066 881 tribunatus
1085 819 1170 898 leges
1193 817 1328 879 Velleius
1348 837 1407 879 non
1427 817 1623 896 distingrmtr
1639 818 1719 896 quod
1740 816 1772 877 in
1791 815 1887 877 altero

281 941 363 997 esset
382 933 560 1013 munimime
581 933 824 1014 rutuperandum)
845 933 932 998 facile
951 953 1019 996 sam
1039 934 1139 1013 legem
1161 933 1287 1015 primam
1307 951 1417 1014 ponere
1437 935 1545 1013 potest,
1564 950 1642 1011 quae
1663 934 1695 991 et
1714 930 1787 991 siet
1802 929 1887 992 nobis

281 1049 404 1112 maximi
431 1048 551 1109 uidetur
575 1048 726 1111 momenti
768 1048 916 1118 uuoouoc
935 1067 995 1111 uon
1014 1053 1102 1130 puto,
1129 1048 1203 1110 sctis
1222 1047 1280 1109 sibi
1298 1050 1446 1122 constare,
1466 1066 1544 1126 quae
1562 1045 1717 1109 Nitucbius
1737 1045 1808 1123 (aba
1829 1046 1887 1124 sq.)

283 1164 322 1228 ad
348 1165 501 1227 confusam
521 1162 676 1224 Plutarchi
702 1162 904 1225 narrationem
925 1163 1136 1245 explicandam
1158 1163 1195 1223 de
1218 1163 1334 1224 duobus
1354 1162 1421 1223 eius
1441 1161 1572 1223 sontibus
1591 1179 1633 1221 ex
1653 1160 1771 1221 Velleio
1791 1160 1887 1221 conie

283 1279 367 1342 ecrit
407 1278 453 1341 Ec
473 1296 556 1351 uero,
576 1296 653 1356 quse
668 1278 707 1337 de
717 1276 896 1352 differentia,
913 1296 1003 1355 quam
1016 1295 1174 1358 possumne
1185 1276 1426 1339 animaduertere
1436 1295 1506 1339 esse
1520 1276 1598 1337 inter
1609 1274 1726 1336 Liuium
1738 1273 1887 1336 Velleiun

283 1392 478 1457 Plutarchum
488 1392 667 1474 Appianum,
687 1391 819 1474 exponit,
840 1391 997 1453 uerissima
1018 1399 1096 1466 aunt,
1119 1397 1153 1453 ut
1174 1390 1347 1469 diligentius
1366 1409 1404 1452 ec
1422 1390 1461 1451 ds
1483 1409 1517 1451 rs
1530 1390 1686 1472 disputare
1696 1389 1888 1471 supersederi

214 1544 220 1566 .
282 1513 383 1588 queat
422 1507 503 1569 illud
531 1527 621 1568 unum
649 1506 778 1568 sufficiat
803 1507 934 1581 dixisse,
960 1507 1077 1568 etiamsi
1107 1507 1270 1568 aientium
1295 1505 1464 1568 testimonio
1490 1505 1685 1579 discesseris,
1712 1504 1763 1584 qui
1789 1504 1890 1565 Vellei

283 1621 446 1685 narrationi
465 1621 582 1683 omniuo
601 1628 784 1702 repugnant,
803 1621 853 1681 uel
873 1639 929 1702 per
949 1640 983 1682 se
1003 1640 1063 1682 non
1081 1620 1177 1681 uideri
1198 1621 1359 1702 probabile,
1379 1620 1489 1684 Gaium
1508 1620 1603 1702 primo
1624 1619 1688 1680 loco
1708 1619 1747 1679 de
1767 1618 1888 1680 ciuitate

285 1735 457 1799 Italicorum
478 1736 578 1815 legem
598 1736 711 1797 tulisse.
767 1735 813 1797 Eo
846 1736 925 1797 enim
946 1736 1084 1797 continuo
1104 1735 1134 1796 in
1154 1735 1255 1796 odium
1275 1735 1460 1817 optimatium
1478 1735 1646 1795 incurreret
1671 1753 1796 1798 necesse
1814 1739 1887 1796 erat

272 1848 350 1913 blec
369 1850 434 1913 ueri
454 1850 550 1911 simile
570 1853 633 1925 est,
666 1869 736 1911 eum
760 1869 813 1932 pro
833 1870 963 1924 summa,
991 1869 1068 1930 quac
1093 1851 1123 1911 iu
1149 1869 1186 1911 eo
1215 1857 1311 1925 esset,
1339 1850 1513 1929 sagacitate,
1534 1853 1604 1910 aute
1627 1849 1704 1910 banc
1724 1849 1824 1928 legem
1842 1851 1888 1938 tu·
1967 1928 1971 1934 Ι

283 1965 365 2040 iisse,
385 1985 474 2045 quam
495 1972 616 2026 ueteres
636 1965 717 2026 ciues
737 1965 804 2027 aliis
825 1965 942 2044 legibus
962 1965 1018 2027 sibi
1039 1964 1234 2026 deuiuxisset
1879 1968 1883 1975 '

1048 2248 1138 2314 Vlll.

386 2399 452 2459 lam
472 2418 544 2460 uero
565 2399 603 2458 de
623 2398 664 2460 bi
686 2398 770 2462 Liuio
789 2399 888 2461 Druso
909 2399 1068 2461 dicendum
1088 2409 1151 2477 est,
1172 2401 1210 2479 (2.
1236 2400 1281 2475 13,
1304 2401 1362 2476 14.)
1383 2399 1522 2492 in'quem
1540 2400 1641 2462 inuehi
1661 2400 1803 2480 cuiusque
1825 2400 1888 2461 lau·

285 2513 357 2575 dum
381 2533 488 2574 caussa
507 2512 656 2575 Velleium
681 2515 827 2575 acerrime
853 2514 1025 2596 uituperare
1051 2515 1155 2576 solent.
1186 2515 1241 2593 (Η,
1262 2512 1308 2592 7.)'
1355 2514 1396 2576 Et
1421 2534 1494 2576 uere
1514 2513 1650 2576 Velleius
1676 2515 1795 2576 uidetur
1821 2533 1888 2576 esse

285 2602 509 2710 uitupercndus‚
530 2629 679 2709 nunquia
699 2629 833 2693 laudarut
852 2630 993 2705 Drusum,
1015 2630 1070 2692 sed
1089 2630 1159 2710 quia
1179 2633 1241 2708 tam
1261 2629 1341 2690 male
1361 2629 1503 2691 laudauit

307 2731 309 2734 ⁵
387 2742 434 2803 Ac
451 2742 579 2825 primum
602 2744 736 2824 quidem,
767 2765 844 2825 quae
864 2745 903 2806 de
923 2745 1043 2826 ingenio
1063 2746 1252 2825 moribusque
1271 2743 1363 2806 Drusi
1385 2743 1522 2822 Velleius
1542 2744 1698 2817 dissum,
1724 2745 1795 2825 quin
1815 2765 1889 2808 uera

287 2857 428 2943 sint,'uix
449 2858 605 2939 quisquam
624 2858 797 2921 indubium
817 2859 943 2920 uocabit
983 2858 1158 2941 Numquae
1178 2861 1217 2921 ab
1237 2858 1362 2921 Aurelio
1384 2857 1520 2934 Victore,
1541 2859 1591 2938 qui
1614 2860 1736 2935 dicitur,
1756 2859 1822 2939 (uir.
1845 2860 1887 2922 ill

288 2974 347 3049 66.)
368 2973 399 3032 iu
420 2992 489 3032 eum
509 2972 640 3034 conuicia
660 2973 851 3054 ingeruntur:
874 2993 944 3034 eum
963 2974 1089 3056 pecunia
1102 2983 1275 3056 corruptum
1287 2973 1469 3054 Mogcrlsum,
1489 2974 1696 3039 Mauretaniae
1716 2975 1890 3056 principem,

286 3087 403 3151 Boccho
423 3087 605 3169 prodidisse,
626 3088 767 3171 Caepioni
785 3089 930 3150 minatum
950 3108 1032 3164 esse,
1053 3108 1087 3150 se
1107 3088 1198 3152 istum
1218 3089 1257 3150 de
1277 3108 1353 3150 saxo
1374 3087 1501 3170 Tarpeio
1520 3088 1799 3171 praecipitaturum,
1823 3109 1889 3151 cou-

288 3203 346 3264 suli
364 3203 395 3263 in
416 3203 540 3264 comitiis
561 3205 670 3265 collum
691 3204 861 3278 obtorsisse,
880 3207 914 3263 ut
934 3203 1056 3282 sanguis
1073 3216 1095 3263 ‘e
1110 3204 1232 3264 neribus
1249 3203 1402 3265 efflueret:
1424 3223 1462 3266 ea
1478 3202 1588 3285 partim
1604 3203 1808 3265 iuoeredibilic
1819 3208 1889 3266 sunt

287 3338 344 3387 uec
370 3338 389 3379 a
413 3298 573 3399 quoquam
587 3318 644 3379 ulio
665 3318 891 3394 confirmantur,
922 3318 1032 3401 partim
1057 3319 1130 3380 nihil
1156 3321 1298 3401 probant,
1327 3319 1384 3379 nisi
1403 3319 1496 3381 trucis
1516 3324 1549 3381 et
1567 3319 1688 3400 superbi
1710 3319 1800 3381 animi
1821 3338 1890 3380 euru

287 3433 389 3494 fuisse.
409 3433 473 3513 (cfr.
495 3432 563 3494 Val.
583 3433 667 3495 Mox.
689 3434 716 3495 9.
738 3436 766 3506 5,
785 3434 825 3510 2)
865 3432 970 3496 Talem
987 3441 1089 3497 autem
1110 3434 1216 3508 uirum,
1236 3433 1417 3495 nobilissimo
1440 3433 1504 3495 loeo
1525 3440 1628 3495 netum
1649 3439 1739 3514 atque
1754 3412 1888 3516 ¹partium

289 3549 412 3626 senatus
443 3551 557 3620 antec,
580 3551 615 3608 ut
643 3547 816 3622 uidebatur,
848 3547 1083 3624 tenacissimum,
1120 3548 1305 3630 optimatium
1338 3548 1460 3610 consilia
1487 3548 1563 3611 adeo
1594 3549 1753 3623 deserere,
1787 3555 1823 3612 ut
1851 3551 1891 3613 ad

288 3661 440 3727 ciuitatem
466 3661 553 3723 sociis
578 3661 708 3723 dandam
734 3661 942 3738 delaberetur,
974 3681 1012 3724 ee
1036 3681 1085 3724 res
1113 3666 1176 3724 tam
1195 3662 1319 3724 mirifica
1343 3662 1409 3724 uisa
1427 3669 1476 3724 est
1494 3641 1595 3725 reru'm
1616 3663 1825 3744 scriptoribus,
1856 3667 1891 3729 ut

289 3795 344 3840 sue
371 3775 495 3857 quisque
523 3775 573 3837 uia
596 3776 751 3856 ingressus
768 3797 944 3858 componere
963 3796 1031 3839 cam
1051 3784 1142 3856 atque
1162 3776 1301 3839 ordinare
1321 3781 1510 3858 temptarent.
1552 3776 1668 3840 Velleio
1688 3783 1790 3840 autem
1810 3779 1890 3842 mule

289 3893 427 3955 hercules
447 3913 496 3952 res
516 3892 647 3972 contigit.
701 3893 814 3956 Narrat
833 3893 911 3955 enim
931 3893 1062 3955 Drusum
1081 3892 1210 3954 uoluisse
1232 3898 1369 3954 senatum
1387 3892 1418 3953 in
1438 3893 1568 3954 anticum
1588 3897 1701 3954 statum
1721 3893 1888 3955 restituere.

288 4005 395 4086 Itaque
416 4006 460 4086 (P.
480 4006 594 4068 Rutilio
619 4008 651 4069 in
677 4008 781 4090 primis
805 4008 995 4071 iniustissime
1021 4009 1230 4085 condemnato)
1262 4007 1371 4070 iudicia
1397 4008 1426 4068 ei
1453 4007 1561 4071 reddit
1605 4008 1666 4070 Sed
1692 4009 1724 4071 in
1745 4009 1789 4071 eis
1808 4009 1890 4092 ipsis,

289 4140 366 4202 qnae
386 4121 514 4184 iaciebat
533 4142 587 4204 pro
607 4128 729 4197 senatu,
750 4127 889 4215 comtum
904 4124 1008 4186 hebuit
1026 4123 1249 4198 aduersarium,
1269 4123 1378 4206 quippe
1398 4123 1449 4204 qui
1472 4142 1531 4185 non
1549 4122 1757 4203 intellegeret,
1776 4124 1828 4187 illa
1848 4124 1892 4187 im

289 4237 437 4298 secandae
456 4237 653 4299 multitudinis
670 4258 778 4301 caussa
797 4239 872 4315 fieri,
890 4245 925 4301 ut
943 4239 1104 4303 minoribus
1122 4259 1142 4301 a
1162 4243 1269 4301 senatu
1286 4238 1367 4319 plebi
1387 4239 1551 4313 concessis,
1568 4237 1682 4300 maiore
1701 4259 1720 4300 a
1736 4239 1824 4321 plebe
1846 4258 1892 4300 se

290 4352 373 4414 nutui
411 4352 651 4415 concederentur.
705 4353 781 4415 Tum
809 4355 880 4417 dicit
910 4373 1087 4424 conuersum
1113 4353 1205 4417 Drusi
1238 4352 1369 4414 animum
1394 4354 1434 4415 cd
1459 4352 1612 4414 ciuitatem
1637 4352 1725 4415 sociis
1752 4353 1890 4415 dandum,

290 4466 379 4537 Quod
399 4486 457 4546 quo
478 4467 575 4528 minus
582 4452 751 4550 ‘perficeret
761 4471 799 4531 ab
813 4469 1004 4532 interfectore
1017 4489 1086 4530 eum
1098 4489 1166 4530 esse
1181 4468 1367 4551 prohibitum.
1398 4467 1467 4532 Hae
1478 4468 1511 4530 iu
1520 4469 1690 4531 miratione
1702 4469 1801 4531 onmia
1812 4469 1892 4531 male

290 4585 499 4661 coagmentata
528 4588 604 4644 sunt.
646 4583 726 4654 Quid
752 4585 850 4646 euim?
876 4585 1012 4664 intellegi
1034 4584 1222 4646 nullomodo
1243 4587 1357 4665 potest,
1377 4602 1455 4664 quae
1475 4583 1507 4645 in
1524 4584 1668 4660 omnibus,
1685 4585 1725 4647 ab
1743 4603 1779 4645 eo
1795 4584 1892 4659 factis,

290 4694 408 4758 Dnrsus
428 4697 616 4778 spectauerit
647 4699 775 4761 Senatum
797 4700 826 4760 ei
846 4699 954 4761 dicitur
975 4702 1152 4763 obuersatus
1172 4718 1249 4773 esse,
1271 4703 1431 4781 propterea
1449 4700 1530 4779 quod
1547 4699 1598 4761 ille
1611 4699 1720 4782 populo
1730 4697 1893 4778 quidquam

291 4809 364 4872 dare
385 4812 483 4873 nollet
524 4813 584 4875 Sed
605 4813 647 4874 nil
666 4813 754 4875 uideo
772 4813 880 4896 populo
900 4813 1031 4889 concedi,
1052 4833 1120 4874 eum
1139 4813 1195 4874 lex
1209 4812 1364 4876 iudiciaria
1382 4814 1425 4875 ite
1446 4816 1608 4897 conparata
1623 4814 1671 4889 sit,
1691 4819 1726 4874 ut
1745 4813 1827 4874 solus
1840 4811 1893 4874 Se

290 4929 380 4986 nutus
401 4946 441 4987 ex
462 4947 500 4990 ea
517 4930 647 4989 fructum
667 4928 773 5009 capiat
814 4928 893 4991 Mira
910 4929 1004 5009 igitur
1019 4929 1142 4991 leuitate
1162 4928 1263 5008 legem
1283 4928 1433 5009 agrariam
1451 4928 1543 4992 Drusi
1562 4928 1667 4992 omisit
1699 4928 1781 4990 illud
1799 4948 1890 4993 unum

291 5061 309 5101 e
334 5039 448 5102 Velleio
476 5042 679 5117 confirmatur,
714 5044 792 5123 quod
813 5050 861 5103 est
880 5044 1058 5119 maximum,
1087 5044 1256 5106 aSenatus
1274 5044 1410 5127 partibus
1432 5045 1564 5105 Drusum
1583 5043 1718 5118 stetisse,
1746 5044 1800 5104 scd
1821 5043 1892 5124 quid

290 5155 444 5217 moliretur
463 5155 607 5218 Senatum
627 5176 686 5218 non
707 5156 908 5239 perspexisse.
929 5156 1002 5236 (Cic.
1022 5177 1077 5240 pro
1097 5157 1214 5222 Olueut.
1236 5159 1253 5240 S
1277 5158 1355 5237 143.)

395 5270 506 5334 Contra
525 5271 679 5354 Appianus
702 5270 747 5349 (B.
768 5269 800 5334 D.
825 5272 930 5350 1,35.)
951 5291 1014 5333 rem
1034 5272 1077 5334 ita
1096 5273 1234 5356 expedit,
1259 5276 1295 5336 ut
1314 5273 1446 5336 Drusum
1465 5273 1593 5356 primam
1613 5274 1713 5354 legem
1741 5273 1892 5353 agruim
