4290 5902
1064 540 1086 611 4

279 703 492 765 derauerimus.
537 702 579 763 hI.
601 702 678 763 enim
699 701 815 766 Vinicio
841 705 955 765 consuli
979 724 1005 766 a.
1028 705 1095 768 783.
1117 704 1197 764 misit
1216 703 1259 764 118
1279 701 1489 784 compositum,
1518 706 1552 762 ut
1572 719 1667 780 usque
1687 701 1726 761 ad
1748 699 1884 761 consula·

278 820 344 880 tum
370 817 434 878 eius
460 816 660 878 narrationem
685 817 863 898 perduceret
889 821 933 898 (1,
954 819 973 880 8
996 821 1044 899 51
1067 820 1129 898 51;
1155 819 1189 879 12
1211 818 1228 899 5
1247 818 1281 889 6;
1301 818 1331 892 2,
1349 817 1457 898 755;
1475 816 1516 878 49
1538 816 1590 897 52
1614 816 1691 893 etc).
1728 814 1818 886 Quod
1842 791 1894 875 811

262 940 383 995 ’881818
397 935 564 1013 temporum
574 931 704 992 moribus
715 931 806 992 fuisse
817 931 1002 993 Dodwellius
1017 933 1036 993 l.
1049 953 1073 992 c.
1087 932 1221 995 CXIIII.
1241 931 1342 992 multis
1354 930 1501 1013 exemplis
1512 929 1658 1012 probauit.
1671 905 1674 914 ⁸
1686 927 1747 990 Sed
1760 929 1883 991 hercule

279 1065 338 1108 non
359 1050 463 1128 aptum
483 1045 589 1107 fuisset
607 1052 640 1107 et
659 1048 854 1108 externarum
872 1046 1006 1126 gentium
1025 1051 1057 1108 et
1076 1046 1278 1108 Romanorum
1297 1066 1347 1106 res
1368 1045 1503 1107 narranti
1525 1044 1557 1106 18
1576 1043 1731 1106 consulatu
1752 1028 1883 1105 consulis

279 1158 406 1224 Romani
431 1160 576 1221 desinere.
625 1161 713 1231 Quod
737 1161 873 1240 quamuis
898 1161 928 1221 18
955 1161 1165 1243 imperatorem
1190 1160 1376 1223 consulatum
1402 1163 1559 1240 gerentem
1584 1159 1694 1220 cadere
1718 1158 1826 1240 possit,
1851 1158 1883 1219 in

281 1275 339 1337 alio
352 1294 474 1357 prorsus
493 1275 626 1356 ineptum
646 1277 701 1337 881
736 1275 844 1355 Itaque
863 1275 920 1337 hac
941 1295 1058 1356 quoque
1079 1296 1112 1336 18
1132 1296 1294 1351 monemur,
1314 1279 1349 1336 ut
1370 1293 1408 1336 88
1428 1292 1505 1354 quae
1526 1274 1565 1333 de
1583 1272 1710 1336 Graecis
1731 1291 1883 1354 exponan-

220 1458 226 1465 ,
281 1394 332 1452 181
352 1408 392 1450 ex
412 1389 576 1450 subseciuis
587 1388 685 1449 Vellei
706 1389 813 1450 studiis
834 1390 943 1451 hausta
960 1390 1127 1452 exornandi
1147 1409 1255 1451 caussa
1274 1390 1378 1452 addita
1397 1407 1466 1450 esse
1487 1391 1662 1449 statuamus.

386 1504 487 1583 Atque
509 1509 590 1579 8181,
616 1523 669 1564 881
690 1503 826 1565 Velleius
846 1505 936 1565 exilis
958 1505 1127 1583 argumenti
1146 1508 1320 1566 ornamenta
1341 1501 1589 1585 circumspiceret
1630 1501 1796 1563 Nemeum
1817 1519 1884 1562 con-

282 1617 364 1678 sules
397 1618 571 1699 plerumque
597 1637 700 1678 mense
721 1619 797 1680 Iulio
823 1619 974 1698 designari
997 1619 1140 1692 solerent,
1167 1618 1238 1698 (Cic.
1268 1617 1393 1679 8111111.
1416 1619 1448 1692 1,
1476 1617 1613 1698 16513.
1640 1615 1696 1699 Ep.
1716 1615 1749 1691 8,
1777 1616 1882 1697 453.

284 1731 321 1792 ef.
343 1731 479 1793 Adamus
504 1732 599 1793 811.
624 1737 656 1808 1,
674 1734 741 1796 213.
774 1733 928 1794 Beckerus
953 1737 986 1794 81
1009 1733 1234 1814 Marquardtins
1257 1733 1295 1793 A.
1315 1731 1368 1808 R.,
1394 1733 1422 1794 2.
1439 1733 1564 1809 2,103.)
1589 1750 1697 1791 188888
1726 1729 1794 1791 Kal.
1819 1729 1883 1790 Ian.

283 1846 517 1927 auspicarentur,
535 1847 680 1908 mensium
700 1867 757 1908 sex
779 1847 907 1929 spatium
923 1847 1039 1909 Velleio
1058 1845 1701 1926 1811818881811188111181818888811118181.
1729 1843 1810 1905 Fieri
1830 1844 1885 1924 igi·

283 1965 334 2022 tur
354 1980 413 2021 non
434 1961 539 2042 11811111,
556 1961 627 2041 quin
647 1967 770 2043 propter
791 1982 931 2042 magnam
950 1961 1166 2023 festinationem
1178 1981 1324 2023 suminam
1343 1961 1545 2022 tantummodo
1559 1979 1659 2021 rerum
1675 1958 1885 2041 complectere-

283 2078 335 2136 tur
353 2076 401 2154 (1,
421 2076 457 2137 16
477 2077 493 2155 5
515 2078 538 2136 1.
560 2077 646 2151 2,41
672 2078 734 2156 51.
757 2076 813 2139 168
836 2078 851 2157 5
872 2078 899 2137 2.
921 2075 1200 2154 Κ1118188ΧΧΠ.).
1243 2076 1304 2137 Sed
1327 2075 1497 2136 8118811818
1523 2076 1633 2136 damna
1657 2094 1698 2135 ex
1725 2075 1782 2137 hac
1809 2075 1885 2137 eele-

283 2188 373 2251 ritate
392 2191 526 2271 profecta
547 2196 626 2266 sunt,
645 2191 752 2270 quibus
772 2191 946 2272 opuseulum
970 2191 1154 2252 defoedatur.
1190 2190 1237 2251 Ao
1258 2190 1386 2272 primum
1403 2189 1531 2269 quidem,
1553 2190 1582 2250 id
1595 2191 1674 2270 quod
1692 2190 1787 2272 primo
1800 2189 1885 2269 quasi

284 2303 436 2366 oculorum
456 2307 561 2366 obtutu
579 2305 685 2366 8811818
697 2305 877 2385 refragatur,
898 2307 1069 2366 uniuersum
1087 2324 1161 2387 opus
1172 2305 1216 2366 ita
1236 2304 1429 2386 compositum
1446 2309 1502 2380 est,
1524 2312 1567 2380 81,
1588 2305 1664 2365 sitne
1678 2323 1823 2365 annorum
1840 2322 1885 2365 se·

285 2416 360 2478 riam
380 2419 507 2500 scriptor
527 2425 656 2494 secutus,
676 2440 715 2481 an
732 2420 871 2482 interiore
885 2420 1013 2500 quodam
1027 2419 1213 2502 necessitatis
1225 2419 1342 2480 uinculo
1358 2418 1492 2498 singulas
1508 2438 1558 2479 res
1578 2419 1709 2479 voluerit
1720 2423 1886 2494 conectere,

284 2531 374 2614 plane
396 2551 455 2593 non
475 2534 568 2615 possit
587 2534 731 2614 intellegi.
762 2535 921 2613 (Kreusius
942 2534 1077 2616 prolegg.
1100 2533 1206 2594 VIIII.
1228 2534 1274 2593 ed.
1294 2533 1380 2616 Rip).
1417 2533 1493 2596 Cum
1519 2534 1598 2594 enim
1624 2534 1701 2595 tales
1721 2552 1812 2615 saepe
1833 2553 1887 2594 nu-

285 2663 368 2708 mero
388 2647 533 2708 formulae
554 2648 672 2709 dicendi
691 2658 857 2723 occurrant,
878 2649 984 2729 quibus
1005 2648 1155 2710 annalium
1176 2648 1336 2730 scriptores
1355 2649 1398 2710 uti
1416 2649 1514 2710 solent
1533 2648 1632 2729 (sicuti
1651 2649 1800 2730 peridem
1812 2651 1887 2708 tem·

286 2779 351 2842 1188,
370 2766 442 2836 tum,
462 2762 587 2822 subinde
604 2764 631 2823 2.
649 2765 688 2826 96
706 2761 776 2845 52.)
797 2768 897 2824 181888
917 2783 976 2825 888
994 2763 1091 2824 181888
1113 2764 1286 2843 frequenter
1305 2763 1424 2824 libellus
1440 2762 1651 2845 pragmaticae,
1672 2782 1749 2842 quae
1770 2762 1886 2836 dicitur,

285 2893 385 2936 rernm
401 2876 568 2958 scriptionis
591 2897 664 2959 prae
684 2897 717 2938 88
739 2880 799 2940 1811
818 2879 955 2960 speciem.
985 2878 1042 2954 Ita,
1064 2880 1098 2939 ut
1109 2878 1250 2959 exempla
1261 2878 1413 2939 8111881118
1426 2897 1523 2959 pauca
1538 2877 1673 2957 seligam,
1695 2878 1746 2938 ubi
1758 2877 1886 2959 primum

286 2987 468 3050 Octauianus
488 2992 699 3072 rempublicam
721 2993 859 3074 capessit,
881 2993 978 3054 omnia
996 3011 1034 3055 ea
1053 3002 1240 3068 enarrantur,
1260 3012 1337 3073 11888
1359 2999 1449 3054 88188
1468 2991 1496 3052 81
1515 2992 1699 3064 acciderant;
1721 2993 1760 3071 (2.
1772 2992 1810 3053 59
1823 2992 1839 3073 5
1854 2991 1886 3068 2)
1913 3041 1916 3048 .

286 3109 443 3186 postquam
464 3106 561 3167 omnia
588 3126 624 3167 ea
649 3107 800 3195 descripta
823 3113 907 3182 sunt,
940 3126 1017 3187 quae
1043 3107 1074 3168 in
1097 3107 1188 3168 Italia
1214 3111 1381 3168 euenerunt
1408 3111 1477 3189 post
1502 3106 1663 3169 Caesarem
1688 3106 1887 3180 interfectum,

287 3217 319 3279 in
336 3218 441 3279 Asiam
469 3224 558 3299 atque
585 3221 621 3280 ad
652 3221 818 3282 coniuratos
844 3221 999 3297 transitur,
1032 3226 1064 3283 et
1093 3223 1239 3302 quemad
1259 3222 1442 3283 modumilli
1462 3221 1645 3282 1881888818
1666 3221 1888 3303 paullatimpo·

287 3333 399 3395 tentiae
420 3335 780 3415 881181118118188118181.
802 3337 905 3415 (2,69.
927 3337 1076 3411 811.1,12
1100 3338 1158 3417 54.
1180 3337 1208 3411 2,
1231 3337 1343 3418 1251.
1364 3336 1403 3398 29
1426 3336 1486 3416 52.
1509 3338 1547 3398 76
1568 3336 1626 3417 52.
1647 3336 1719 3416 905
1740 3336 1789 3412 2.).
1828 3333 1888 3398 Ge-

288 3447 488 3509 881188111818
508 3449 648 3510 historiae
669 3451 914 3527 conscribendae,
943 3451 1021 3532 quod
1044 3451 1255 3534 πραγματικόν
1279 3451 1401 3526 dicitur,
1436 3449 1587 3510 Velleium
1608 3450 1774 3511 studiosum
1794 3449 1888 3510 fuisse

287 3562 392 3624 88188
413 3565 570 3645 probatur,
596 3565 675 3644 quod
694 3565 732 3624 de
752 3566 842 3626 rebus
863 3565 958 3645 gestis
973 3565 1081 3626 iudicia
1101 3565 1219 3647 saepius
1238 3565 1355 3640 inserit,
1377 3564 1515 3645 quodque
1531 3583 1634 3625 earum
1654 3581 1777 3626 8888888
1805 3563 1889 3625 inda·

286 3695 361 3757 gare
389 3680 520 3739 conatur.
559 3677 622 3739 Neo
650 3684 749 3740 tamen
779 3681 944 3760 putendum
970 3683 1031 3755 est,
1051 3679 1200 3740 Velleiurn
1224 3681 1266 3741 ita
1287 3679 1456 3761 scripsisse,
1489 3684 1523 3740 81
1555 3679 1735 3740 necessitate
1759 3679 1888 3758 quadam

288 3791 421 3871 singulas
442 3812 490 3853 res
510 3793 671 3854 cohaerere
691 3794 831 3855 81888181.
870 3793 981 3857 Contra
996 3794 1151 3874 eum,.qni
1170 3794 1317 3855 cotidiana
1337 3794 1400 3854 fere
1421 3812 1524 3854 eorum
1544 3794 1757 3855 consuetudine
1776 3796 1888 3867 utatur,

289 3926 309 3969 8
327 3907 433 3986 quibus
453 3907 610 3968 uniuersus
629 3909 709 3970 orbis
729 3912 877 3969 terrarum
896 3908 1129 3983 administretur,
1151 3913 1185 3969 ut
1204 3928 1223 3968 8
1243 3928 1332 3988 quam
1351 3908 1452 3990 parnis
1472 3908 1562 3968 initiis
1581 3927 1709 3987 magnae
1731 3927 1779 3968 res
1800 3908 1889 3968 inter·

290 4022 362 4082 dum
378 4023 522 4103 originem
542 4023 669 4105 capiant,
691 4023 873 4105 experiatur,
896 4026 1126 4086 consentancum
1147 4030 1202 4099 est,
1223 4024 1333 4084 rectius
1354 4024 1392 4084 118
1413 4022 1563 4084 hominum
1585 4022 1712 4102 ingeniis
1730 4025 1761 4083 81
1783 4023 1822 4083 de
1842 4040 1889 4083 oc-

290 4135 378 4197 cultis
403 4137 492 4198 881181
512 4138 639 4198 motibus
659 4137 797 4198 iudicare.
840 4124 1320 4212 81881818888811188811,
1351 4157 1389 4198 ne
1411 4137 1562 4218 repentino
1582 4137 1699 4197 cuidam
1719 4140 1772 4196 881
1791 4136 1890 4197 amici-

289 4250 350 4313 tiae
377 4257 429 4313 881
448 4252 496 4313 odi
517 4253 626 4313 1818811
650 4240 771 4313 nimium
799 4252 918 4314 tribuat.
953 4251 1027 4312 Tale
1054 4252 1125 4332 quid
1146 4253 1177 4313 18
1205 4252 1238 4315 O.
1265 4252 1401 4315 Graccho
1428 4252 1604 4313 usuuenisse
1630 4251 1762 4326 uidetur,
1800 4269 1890 4331 quem

289 4365 485 4428 uindicandae
508 4367 611 4428 mortis
632 4368 781 4428 fraternae
803 4385 909 4427 caussa
927 4366 1101 4428 seditionem
1123 4368 1230 4443 fecisse
1250 4372 1359 4428 censet.
1382 4368 1421 4446 (2,
1445 4368 1493 4447 65
1514 4367 1563 4443 2.).
1606 4366 1759 4428 6181111188
1784 4384 1889 4426 resse

290 4481 396 4556 habet,
419 4501 485 4542 cum
507 4487 625 4556 narrat,
652 4482 813 4544 Caesarem
834 4480 1076 4542 adminiculatum
1094 4502 1177 4555 osse,
1204 4486 1239 4542 ut
1257 4482 1360 4544 Cicero
1382 4482 1411 4541 irr
1436 4481 1576 4541 exsilium
1596 4481 1772 4542 mitteretur.
1812 4478 1889 4540 Nam

290 4595 450 4658 Caesarem
477 4596 585 4656 1181818
612 4596 704 4656 181888
725 4595 873 4671 Ciceroni,
901 4596 950 4675 qni
978 4595 1057 4655 inter
1072 4595 1139 4656 XX
1157 4595 1238 4657 uiros
1259 4596 1342 4675 agris
1366 4595 1535 4655 diuidundis
1557 4595 1652 4656 818811
1680 4592 1888 4672 1181181(2,15

223 4722 225 4726 ’
292 4713 372 4794 52).
421 4711 535 4791 Neque,
553 4712 630 4771 enim
656 4715 755 4793 potest
781 4730 848 4771 esse
873 4711 1008 4786 dubium,
1034 4711 1104 4791 qnin
1125 4710 1237 4785 Cicero,
1259 4730 1327 4770 cum
1349 4710 1400 4770 111
1427 4710 1500 4770 viris
1527 4710 1647 4789 negotia
1671 4710 1828 4791 inportuna
1849 4709 1890 4769 fe-

291 4832 424 4887 88888181
441 4827 491 4887 uol
512 4832 593 4888 certe
611 4834 712 4908 posset
730 4829 895 4901 1118888818,
923 4846 978 4908 per·
998 4825 1134 4888 Clodium
1154 4828 1192 4887 ab
1211 4826 1284 4909 ipsis
1305 4826 1356 4886 III
1377 4826 1449 4886 uiris
1466 4825 1570 4907 pulsus
1592 4825 1638 4898 sit,
1660 4830 1816 4907 postquam
1838 4824 1891 4897 eis,

292 4961 366 5021 quas
384 4941 496 5004 Caesar
518 4942 692 5004 honorificas
711 4942 740 5001 ei
761 4941 998 5015 commendaret,
1015 4941 1072 5001 uiis
1089 4940 1216 5001 Romam
1235 4941 1404 5021 relinquere
1424 4960 1540 5002 summe
1557 4940 1720 5022 pertinacia
1739 4939 1892 5020 repudias-

291 5062 346 5116 set.
369 5056 439 5135 (Cic.
457 5057 495 5118 ad
517 5057 622 5117 1111.
649 5058 691 5131 18,
713 5061 739 5119 3.
765 5059 809 5132 19,
820 5061 847 5118 5.
869 5057 1068 5132 Drumannus,
1090 5057 1128 5117 H.
1152 5058 1187 5118 11.
1210 5060 1244 5133 5,
1265 5060 1352 5135 611.)
1397 5057 1504 5136 1181188
1525 5055 1661 5135 quamuis
1681 5054 1733 5114 1118
1754 5072 1893 5135 pragma·

292 5169 369 5232 11888
391 5169 580 5231 historiarum
608 5170 773 5252 scriptionis
799 5170 927 5250 uestigia
950 5191 1091 5251 magnam
1117 5184 1235 5254 partem
1258 5192 1298 5232 ex
1319 5171 1457 5232 uniuerso
1479 5168 1577 5230 Vellei
1597 5169 1716 5231 oonsilio
1738 5179 1803 5231 orta
1824 5187 1892 5229 esse

293 5286 452 5368 adpareat,
480 5295 579 5346 tamen
604 5287 697 5347 multo
716 5286 835 5368 saepius
856 5287 1066 5367 neglegentiae
1088 5287 1246 5349 tribuenda
1265 5290 1351 5362 sunt,
1379 5305 1438 5365 qua
1455 5304 1504 5347 res
1524 5292 1627 5365 gestas
1645 5305 1704 5346 non
1723 5285 1829 5347 idoneo
1849 5285 1892 5345 18-
