4320 5902
273 738 440 796 strumento
456 732 555 793 nitens
566 729 657 794 Ι55115
673 736 705 794 51
723 732 843 793 minime
854 732 1040 794 555155555
1058 736 1181 815 propter
1199 731 1417 793 festinationem
1437 733 1567 820 5555511.
1607 733 1682 795 llum
1704 733 1783 793 enim
1795 732 1877 794 haud

273 866 342 909 raro
363 846 488 921 accidat,
507 850 543 906 nt
559 865 613 907 suo
631 846 696 907 loco
717 866 781 907 rem
800 847 926 922 omittat
948 865 1037 926 quam
1057 847 1165 907 deesse
1184 847 1365 929 procedente
1385 847 1544 929 scriptione
1565 847 1793 923 animaduertat,
1815 851 1875 912 ete·

273 962 328 1022 tim
345 961 488 1041 quolubet
503 961 567 1022 1555
584 963 653 1023 eam
670 961 858 1042 interponere
877 982 936 1023 non
952 961 1076 1023 dubitat
1113 961 1311 1022 Luculentum
1333 965 1432 1022 autem
1447 961 1533 1022 huius
1551 962 1761 1042 neglegentiae
1774 980 1877 1023 exem·

273 1077 356 1159 plum
378 1077 472 1138 5512.
493 1076 533 1138 68
555 1078 571 1156 S
588 1079 620 1149 1,
648 1075 808 1158 (Sauppius
831 1077 909 1155 158.)
936 1078 987 1138 nbi
1007 1076 1089 1139 (laeli
1111 1081 1143 1138 51
1160 1076 1280 1138 Milonis
1300 1077 1473 1138 seditionem
1494 1097 1527 1137 55
1549 1078 1729 1158 praeterisse
1749 1077 1813 1158 ipse
1832 1077 1875 1138 di-

275 1192 327 1266 cit,
354 1196 389 1252 ut
415 1198 483 1273 post
510 1191 739 1273 proscriptiones
763 1211 831 1253 eam
855 1193 969 1252 referre
995 1211 1119 1253 neeesse
1142 1211 1210 1252 5555
1238 1193 1369 1273 551513).
1411 1191 1461 1251 Ex
1483 1192 1589 1252 ecdem
1607 1192 1688 1252 fonte
1711 1192 1875 1266 fluxerunt,

276 1324 352 1386 quae
378 1325 492 1367 summo
516 1307 580 1367 1555
605 1306 737 1367 Κ1115155
762 1306 846 1367 LXI.
873 1307 1066 1389 uituperauit,
1096 1308 1229 1368 inmanes
1253 1306 1393 1367 orationis
1416 1306 1552 1380 ambitus,
1578 1307 1711 1385 (55.2,
1737 1306 1788 1367 121
1814 1305 1872 1387 §2

206 1488 208 1492 ,
277 1423 301 1502 ᾖ.
321 1421 362 1498 3.)
389 1421 496 1501 quibus
521 1441 580 1482 non
599 1422 696 1482 solum
716 1421 865 1483 sententia
889 1421 1041 1503 scriptoris
1060 1423 1251 1495 obscuratur,
1275 1421 1330 1480 sed
1359 1420 1509 1499 elegantia
1531 1420 1621 1480 etiam
1645 1419 1762 1479 dicendi
1786 1419 1875 1480 ualde

275 1537 464 1598 imminuitur.
506 1536 585 1598 Nam
612 1535 789 1616 ubicumque
810 1556 920 1615 magno
940 1539 1098 1597 uerborum
1119 1536 1232 1596 ambitu
1258 1535 1351 1596 oratio
1372 1536 1524 1608 foedatur,
1553 1541 1668 1594 certum
1690 1543 1749 1608 cst,
1775 1552 1875 1593 rernm

276 1651 487 1714 continuationi
509 1651 570 1712 tale
597 1650 669 1730 quid
698 1650 860 1735 interponi,
886 1651 964 1731 quod
986 1655 1075 1712 antea
1098 1652 1189 1712 fuerit
1213 1651 1360 1712 omissum.
1417 1651 1466 1712 Ita
1486 1649 1538 1712 (ln.
1559 1648 1732 1730 Pompeium
1759 1653 1875 1729 patrem

276 1766 420 1826 Asculum
445 1765 524 1826 bello
550 1763 650 1826 sociali
675 1765 790 1846 cepisse
813 1771 929 1837 narrat;
957 1766 1146 1846 (55151.)
1194 1765 1316 1848 Pompei
1337 1765 1488 1825 exereitus
1509 1764 1703 1837 describitur,
1732 1768 1875 1842 utquam

275 1880 347 1942 belli
367 1879 475 1940 molem
492 1879 605 1942 Caesar
624 1879 655 1939 in
671 1879 829 1942 Graeciam
850 1879 1013 1941 adueniens
1035 1880 1159 1942 subierit
1176 1880 1351 1941 inlustretur
1367 1881 1405 1958 (2.
1418 1882 1453 1941 51
1476 1881 1544 1960 gl.)
1566 1879 1624 1940 5115
1645 1878 1674 1937 15
1695 1897 1790 1956 genus
1809 1877 1875 1956 (cir.

277 1995 487 2076 5555555
508 1994 710 2075 515555.)
737 1998 757 2072 ).

380 2126 439 2188 Sed
460 2145 519 2187 non
539 2146 689 2206 nunquam
707 2126 823 2202 accidit,
843 2132 878 2187 ut
897 2146 934 2187 55
953 2146 1076 2187 necesse
1098 2127 1217 2207 quidem
1236 2147 1303 2187 5555
1323 2132 1449 2200 statuat,
1469 2146 1505 2187 55
1524 2146 1600 2206 5555
1622 2125 1755 2187 omiserit
1772 2128 1877 2205 postea

277 2243 419 2324 proferre.
451 2241 544 2303 Sicuti
566 2241 678 2302 bellum
697 2241 806 2302 seruile
826 2242 957 2303 Siculum
979 2242 1042 2301 sine
1062 2243 1151 2303 dnbio
1171 2242 1199 2315 2,
1223 2243 1257 2304 13
1282 2242 1298 2321 §
1323 2245 1346 2301 l.
1368 2241 1656 2302 commemorandum
1677 2239 1746 2312 lirit3
1771 2238 1876 2320 (Sanp

277 2356 427 2438 5155151)
455 2355 562 2417 5551115
589 2360 656 2437 5551
673 2355 774 2418 Sullae
803 2359 929 2416 mortem
956 2355 1207 2437 515515515515
1228 2374 1266 2415 ns
1287 2357 1379 2415 uerbo
1401 2355 1520 2435 quidem
1540 2355 1703 2433 attingitur.
1747 2352 1876 2423 Qua-de

277 2489 310 2530 re
330 2470 409 2531 infra
426 2470 528 2531 multis
550 2469 622 2531 locis
643 2469 817 2530 uidebimus.

376 2583 539 2646 Praeterea
565 2588 665 2645 nutem
695 2585 784 2646 aliam
810 2584 901 2646 etiam
920 2584 951 2644 in
969 2591 1085 2666 partem
1107 2583 1242 2645 Velleius
1263 2604 1386 2666 peccare
1407 2586 1533 2646 uidetur.
1587 2584 1775 2663 Quamquam
1795 2581 1874 2642 enim

277 2699 340 2760 sine
363 2700 452 2761 dubio
472 2699 638 2781 proposuit,
663 2705 795 2759 secretas
813 2705 1088 2777 rerumgestarum
1109 2718 1231 2760 5555555
1251 2700 1367 2773 rimari,
1394 2704 1509 2775 tamen,
1537 2699 1682 2780 51555515,
1701 2718 1719 2758 a
1741 2697 1813 2758 locis
1834 2695 1877 2757 di·

278 2813 422 2887 cesseris,
442 2814 521 2886 512,
546 2816 570 2874 1.
577 2860 585 2889 ,
606 2813 984 2901 51111511155155551515
1004 2813 1117 2875 Romae
1139 2814 1300 2896 pernicicm
1318 2814 1449 2874 adlatam
1471 2833 1538 2873 5555
1559 2812 1705 2894 explicat,
1727 2829 1877 2891 nunquam

277 2928 495 3008 sequentiaex
514 2927 759 2988 antecedentibus
779 2929 822 2989 ita
842 2929 975 3010 pendere
995 2928 1188 3003 demonstrat,
1208 2932 1242 2989 51
1264 2948 1350 2989 55555
1371 2949 1407 2990 55
1427 2929 1562 2989 55515555
1585 2948 1643 2988 555
1663 2927 1794 3008 55151555
1815 2925 1878 2986 515-

191 3035 194 3042 ’
278 3048 353 3104 5551.
395 3042 461 3103 Imo
480 3042 578 3104 omnia
591 3042 633 3103 ad
652 3043 836 3121 singulorum
854 3042 1003 3103 hominnm
1023 3043 1144 3122 ingenia
1163 3040 1391 3123 refert'quibus
1411 3063 1511 3103 rerum
1532 3044 1664 3104 ordinem
1678 3042 1744 3121 regi
1757 3041 1878 3101 uidetur

279 3157 399 3240 opinari.
451 3157 563 3237 Itaque,
576 3158 760 3236 singulorum
780 3158 911 3218 uirorum
933 3157 1046 3217 animos
1065 3159 1170 3237 quales
1190 3160 1302 3219 fuerint
1321 3159 1481 3237 diligenter
1502 3158 1650 3240 depingit,
1676 3163 1710 3217 ut
1731 3155 1876 3236 quomodo

279 3293 355 3353 quae
378 3273 503 3334 fecerint
527 3272 643 3334 abillis
664 3271 729 3331 lieri
756 3291 843 3353 55555
871 3273 1071 3351 intellegatur.
1114 3273 1230 3343 Quibus
1256 3274 1287 3334 in
1315 3274 1561 3355 descriptionibus
1588 3292 1628 3332 ex
1652 3277 1737 3353 parte
1766 3250 1877 3351 optime

279 3393 417 3449 uersatus
438 3392 494 3460 est,
516 3392 551 3449 ut
569 3387 600 3447 in
619 3386 803 3448 Maecenatis
824 3387 852 3460 2,
871 3387 967 3467 8852
988 3389 1052 3466 (cfr.
1073 3386 1225 3448 Hoeckins
1241 3382 1264 3462 l,
1280 3391 1351 3465 311)
1373 3388 1769 3469 51115555185555155156).
1811 3383 1878 3445 Hoc
1954 3358 1960 3373 ,

278 3523 335 3582 ego
362 3503 472 3584 partim
497 3521 537 3562 ex
566 3501 718 3563 celeritate
744 3502 893 3563 scribendi
913 3503 1124 3584 explicandum
1145 3521 1212 3561 5555
1236 3521 1357 3577 555555,
1384 3523 1443 3583 qua
1461 3503 1624 3584 prohibitus
1646 3506 1701 3575 551,
1721 3499 1876 3580 quominus

279 3616 352 3677 55115
384 3634 525 3696 magnam
553 3636 654 3677 rerum
681 3622 836 3696 gestarum
863 3617 1018 3678 seientiam
1046 3617 1192 3690 hauriret,
1225 3618 1333 3699 partim
1361 3636 1401 3676 ex
1427 3637 1478 3690 55,
1510 3637 1570 3696 555
1587 3618 1717 3689 laborat,
1746 3614 1877 3674 leuitate.

279 3732 467 3812 Quamquam
492 3731 570 3792 enim
597 3730 670 3793 satis
697 3731 808 3792 habeat
826 3732 1013 3810 sagacitatis,
1038 3735 1072 3792 51
1092 3751 1168 3810 5555
1188 3732 1218 3791 15
1235 3735 1373 3813 promptu
1391 3732 1450 3792 5151
1468 3751 1591 3792 5555555
1611 3730 1756 3812 expedire
1776 3727 1878 3809 555511,

279 3850 380 3908 tamen
398 3846 571 3906 uniuersum
589 3865 690 3906 rerum
707 3845 850 3908 ambitum
873 3845 1038 3926 uno-quasi
1056 3848 1161 3907 obtutu
1178 3867 1236 3907 non
1259 3847 1462 3928 conplectitur.

379 3960 465 4022 llaec
489 3980 562 4022 vero
582 3960 682 4021 Vellei
707 3960 815 4021 1551155
840 3961 942 4021 551115
968 3980 1009 4020 ex
1027 3963 1116 4021 rebus
1137 3962 1275 4021 cernitur.
1319 3961 1461 4022 Omittam
1482 3961 1575 4036 enim,
1603 3961 1633 4020 id
1654 3960 1733 4039 quod
1753 3959 1879 4020 adcura-
1953 3970 1960 3980 “

279 4076 402 4137 assisa
413 4076 605 4157 scriptoribus
614 4093 771 4137 camere
785 4079 891 4157 potest,
912 4076 1210 4175 5155551555
1223 4076 1341 4137 5515
1353 4048 1399 4137 aa
1410 4065 1546 4158 55555,
1557 4077 1586 4150 5,
1598 4075 1637 4136 55
1650 4076 1666 4155 g
1680 4077 1708 4135 5.
1727 4075 1756 4148 a,
1769 4072 1876 4153 5555.

388 4264 413 4328 ³)
431 4262 491 4312 Alia
509 4262 636 4329 exempla,
663 4278 725 4327 qnae
745 4264 819 4314 5155
838 4263 923 4314 studio
943 4263 989 4314 illo
1011 4262 1181 4330 pragmaticae
1199 4262 1342 4328 scriptionis
1359 4267 1415 4312 orta
1431 4261 1514 4327 putari
1531 4269 1649 4328 5555551,
1675 4260 1719 4311 555
1737 4260 1779 4311 551
1798 4258 1881 4324 negls·

279 4350 366 4415 gentia
384 4366 448 4400 5555
466 4350 568 4414 maiore,
589 4365 654 4400 nune
669 4350 764 4400 minore
781 4350 928 4411 calliditate,
946 4351 1006 4416 5515
1027 4350 1103 4400 etiam
1121 4349 1248 4413 elegantia
1266 4349 1372 4415 quadam
1393 4349 1519 4401 interdurn
1537 4349 1640 4412 tegitur,
1658 4357 1717 4399 5551
1735 4351 1759 4411 2,
1778 4350 1811 4398 62
1829 4349 1880 4410 52.

280 4438 311 4489 91
334 4438 387 4500 51.
404 4439 438 4488 911
457 4439 472 4500 5
489 4440 510 4492 1,
531 4437 581 4488 116
601 4439 656 4499 52.
678 4440 774 4500 1555.
793 4439 900 4501 3055.
919 4439 950 4488 31
972 4441 995 4500 ξ.
1012 4439 1036 4490 3.
1060 4437 1091 4486 18
1108 4438 1160 4499 §ta
1212 4438 1270 4486 Non
1294 4452 1419 4502 nunquam
1450 4454 1509 4487 uero
1533 4442 1603 4502 55151
1631 4435 1753 4487 Velleium
1780 4433 1881 4484 omnino

280 4540 329 4576 nen
348 4525 460 4587 55151555,
478 4541 508 4574 55
526 4540 589 4590 5555
607 4529 694 4591 postea
711 4530 823 4574 nemrot
842 4530 916 4573 antea
933 4523 1060 4578 accidisse.
1101 4524 1141 4574 Ita
1158 4523 1220 4573 dicit
1237 4524 1317 4587 legem
1333 4524 1462 4574 Aureliam
1474 4526 1562 4575 Cottae
1580 4524 1666 4575 eodem
1685 4540 1734 4589 555
1746 4522 1881 4573 Gabiniam

280 4618 391 4679 tempore
415 4612 492 4662 latam
517 4628 571 4662 esse
591 4614 625 4676 (2,
643 4614 676 4663 31
694 4614 709 4675 5
726 4612 768 4676 2).
814 4612 919 4662 Constat
943 4617 1027 4662 autem
1051 4612 1115 4661 banc
1137 4627 1160 4662 a.
1178 4628 1203 4662 5.
1222 4612 1282 4662 687.
1306 4611 1377 4662 illam
1402 4628 1425 4661 5.
1443 4613 1503 4664 684.
1522 4612 1586 4674 legis
1603 4612 1715 4676 uigorem
1734 4608 1881 4673 obtinuisse.

281 4700 404 4750 Similiter
416 4698 532 4750 Clodium
551 4698 658 4748 occisum
677 4713 729 4748 esse
738 4705 831 4762 narrat,
852 4703 984 4764 postquam
994 4698 1130 4763 Pompeius
1143 4701 1299 4748 consulatum
1318 4697 1368 4746 iam
1388 4697 1492 4764 adeptus
1505 4705 1577 4749 esset.
1593 4703 1627 4764 (2,
1642 4702 1672 4748 17
1692 4698 1745 4760 §dl
1786 4701 1882 4748 Contra

191 4814 196 4821 ·
282 4792 365 4836 autem
389 4785 490 4835 omnino
513 4791 559 4835 est.
591 4784 657 4834 Nam
678 4784 781 4837 Clodius
806 4785 901 4836 5551555
926 4784 1109 4849 seditionesque
1132 4784 1193 4836 inde
1218 4791 1287 4835 ortae
1308 4800 1420 4835 caussam
1439 4784 1554 4835 idoneam
1572 4786 1738 4851 praebuerunt
1759 4783 1882 4850 Pompeio

281 4872 438 4924 consulatum
458 4871 593 4922 deserendi.
620 4872 665 4922 cfr.
684 4873 794 4936 111540,
813 4874 847 4923 45
862 4889 901 4939 pr.
921 4872 1036 4939 (Clodius
1055 4872 1151 4922 5551555
1170 4878 1216 4926 5511
1237 4867 1348 4937 μηδενὸς
1365 4875 1422 4921 τοῖς
1438 4868 1594 4941 πράγμασιν
1612 4873 1827 4941 1555555μεῖ55.
1847 4898 1882 4911 -

386 4980 410 5037 ⁴)
431 4977 515 5027 Minus
532 4976 565 5026 55
581 4975 738 5042 propositum
755 4983 867 5027 nestnrm
884 4976 1001 5043 pertinet,
1021 4975 1087 5041 qnod
1105 4977 1217 5040 singulae
1235 4977 1385 5027 narrationis
1403 4983 1487 5042 partes
1505 4995 1554 5027 non
1572 4993 1699 5042 nunquam
1718 4976 1782 5027 male
1801 4981 1827 5027 51
1840 4991 1882 5028 eo·
1940 5002 1945 5012 ·

282 5064 385 5114 haerent
403 5071 428 5114 51
446 5063 495 5114 sibi
512 5063 678 5130 respondent,
703 5070 731 5114 ut
748 5064 799 5114 alia
815 5079 878 5128 qnae
900 5063 1003 5113 minoris
1020 5063 1140 5114 momenti
1163 5064 1214 5113 5151
1230 5079 1320 5126 magna
1339 5063 1472 5114 uerborum
1488 5064 1606 5115 iactantia
1624 5066 1798 5131 proferantur,
1821 5065 1881 5133 alia,

282 5164 344 5215 quae
360 5151 476 5215 maioris,
499 5154 538 5201 uel
556 5150 674 5202 breuibus
692 5150 933 5216 comprehendantur
952 5151 992 5200 551
1011 5151 1111 5200 omnino
1138 5167 1188 5200 non
1207 5156 1435 5202 commemorentur.
1483 5152 1524 5201 Sic
1548 5153 1632 5203 euenit
1650 5153 1676 5201 15
1698 5152 1800 5202 Catenis
1827 5169 1883 5203 ors·

281 5236 350 5288 tione
370 5253 444 5302 quam
470 5238 496 5288 in
515 5238 676 5290 Catilinarios
700 5237 789 5287 habuit
808 5237 980 5298 describenda,
1008 5253 1063 5288 cum
1084 5239 1197 5290 Caesaris
1221 5239 1302 5289 oratio
1325 5256 1428 5305 prorsus
1453 5225 1555 5289 silentio
1579 5245 1765 5304 promerentem
1794 5238 1881 5290 eadem

281 5341 322 5376 555
339 5331 379 5375 551
395 5324 423 5374 15
439 5325 555 5390 Tigranis
572 5325 749 5391 orationeque
766 5325 842 5390 longa
859 5341 888 5376 ac
907 5325 1032 5392 perpolita
1048 5342 1074 5375 se
1089 5325 1116 5375 in
1134 5326 1260 5376 dicionem
1275 5326 1382 5392 Pompei
1400 5327 1568 5393 „permittit“
1589 5330 1625 5391 (2.
1644 5329 1687 5378 37.
1704 5327 1750 5389 2.).
