4320 5902
1037 530 1085 604 48

360 700 398 760 In
417 698 593 765 Pannonicis
614 704 715 758 autem
736 695 824 783 belqu
841 698 922 755 certe
944 692 1061 775 Velleio
1081 694 1158 754 fides
1179 695 1318 756 habenda
1337 701 1393 769 est,
1411 696 1521 778 quippe
1538 696 1590 776 qui
1611 696 1675 779 ipse
1695 716 1749 778 per
1769 699 1866 759 totum

259 815 334 877 illud
355 820 473 896 tempus
493 812 594 874 Tiberi
614 811 704 873 luerit
725 811 852 890 legatus.
895 808 1020 888 Singula
1040 808 1141 888 igitur,
1162 808 1193 870 in
1212 809 1320 889 quibus
1339 808 1461 871 aDione
1481 811 1628 886 dissentit,
1644 809 1785 892 persequi
1803 811 1868 872 lon-

259 950 333 1013 gum
359 934 421 1003 est,
456 946 552 1007 neque
580 944 705 1013 caussae
733 930 803 986 sunt
824 943 865 984 ex
885 923 1025 984 interiere
1042 924 1173 1003 quadam
1190 943 1292 985 rerum
1310 924 1513 986 coniunctione
1534 926 1675 999 haustae,
1706 925 1813 1005 quibus
1833 925 1867 987 in

259 1046 336 1106 hanc
362 1043 411 1103 uel
439 1042 470 1101 in
494 1042 577 1102 illam
601 1045 718 1122 partem
742 1039 933 1100 adducamur.
982 1039 1160 1118 Quanquam
1185 1040 1240 1099 hec
1260 1058 1376 1118 quoque
1402 1034 1531 1100 inbelle
1552 1039 1865 1103 deseribeudemaius

260 1159 333 1220 illud
355 1178 428 1239 opus
450 1155 567 1216 Velleio
588 1156 803 1215 obuersabatur
823 1154 902 1226 (114,
922 1154 972 1230 4.).
1012 1152 1092 1213 Illud
1122 1159 1204 1215 certe
1222 1153 1391 1214 mirandum
1410 1159 1470 1229 est,
1501 1154 1581 1234 qued
1602 1153 1814 1216 Germanicum
1833 1154 1866 1216 in

181 1325 187 1338 .
259 1273 441 1335 Pannoniam
468 1271 627 1332 aduenisse
659 1290 713 1329 suo
737 1268 800 1329 loeo
822 1268 1025 1341 reprotaret,
1052 1268 1216 1349 posteriore
1238 1269 1378 1330 breuibus
1400 1268 1530 1348 attingat
1550 1270 1630 1349 (116,
1654 1272 1707 1347 1.).·
1737 1269 1797 1330 Sed
1818 1289 1864 1345 ea,

258 1389 365 1469 quibus
377 1387 433 1448 Dio
454 1388 515 1463 (55,
527 1387 587 1463 31.)
607 1386 717 1446 tactum
733 1402 801 1444 esse
822 1382 900 1456 dicit,
920 1366 954 1441 11
968 1380 1166 1445 Germanicus
1187 1384 1226 1444 ad
1246 1384 1359 1445 bellum
1379 1383 1563 1458 mitteretur,
1589 1402 1627 1444 ne
1649 1382 1785 1445 Tiberius
1804 1385 1866 1445 bel-

258 1503 321 1564 lum
337 1502 479 1576 traheret,
499 1501 629 1561 absurda
647 1502 724 1559 sunt
756 1497 893 1560 Tiberius
914 1497 1001 1572 enim,
1022 1497 1181 1578 adoptatus
1193 1500 1231 1559 ab
1242 1499 1390 1578 Augusto,
1411 1498 1474 1559 sine
1488 1499 1578 1560 dubio
1589 1497 1785 1559 sue'eessorei
1799 1501 1868 1561 erat

259 1617 426 1679 destinatus
447 1621 478 1677 et
498 1615 549 1695 qui
569 1614 649 1675 solus
662 1613 699 1672 -ei
717 1614 822 1674 obesse
842 1612 945 1693 potuit,
959 1611 1095 1693 Agrippa
1115 1611 1284 1687 Postumus,
1304 1613 1521 1683 exsulabam)
1544 1614 1614 1690 (Dio
1625 1615 1673 1677 32.
1695 1613 1773 1674 Vell.
1798 1616 1865 1690 112,

259 1734 308 1809 7.).
348 1731 464 1791 Deinde
486 1727 663 1792 Germanico
684 1727 722 1788 ad
744 1727 775 1787 id
797 1725 887 1788 misso
908 1726 1011 1787 Tiberi
1030 1726 1146 1787 animus
1166 1728 1262 1807 magis
1284 1728 1374 1789 etiam
1393 1736 1628 1810 exasperaretur
1646 1748 1771 1790 neeesse
1788 1731 1864 1791 erat

238 1820 241 1828 Ι
260 1845 339 1908 Nam
356 1844 614 1907 adulescentulum
630 1840 753 1903 Xvssa
772 1861 864 1902 annos
885 1846 988 1902 uatum
1007 1841 1092 1920 quasi
1112 1843 1257 1923 ephorum
1276 1843 1331 1903 sibi
1353 1842 1438 1917 adici,
1459 1846 1611 1924 spectatus
1632 1843 1865 1924 imperatornen

259 1966 359 2042 potest
378 1956 472 2039 aequo
493 1959 590 2019 anime
610 1958 697 2017 ferre.
738 1956 888 2035 Denique,
908 1956 933 2016 si
954 1956 1099 2016 noluisset
1117 1955 1270 2030 Tiberius,
1291 1977 1401 2037 magna
1420 1957 1448 2018 ei
1467 1958 1497 2017 in
1519 1956 1672 2019 Pannonia
1691 1958 1797 2018 fuisset
1815 1978 1865 2041 op-

259 2073 425 2157 portunitas
443 2072 614 2135 Germanici
630 2072 668 2131 de
689 2072 786 2132 medio
808 2070 939 2132 tollendi
980 2070 1087 2150 Itaque
1104 2069 1300 2134 Germanicus
1319 2078 1352 2132 et
1374 2073 1486 2133 adhoc
1505 2073 1616 2133 bellum
1637 2078 1669 2133 et
1688 2073 1729 2133 ad
1740 2072 1866 2135 Gema

259 2190 357 2251 nieum
383 2190 534 2270 profectus
558 2186 692 2259 uidetur,
707 2189 756 2265 ¹nt
779 2185 901 2246 militiae
929 2185 1117 2246 adsuefieret.
1160 2185 1268 2246 Statim
1292 2187 1371 2247 enim
1387 2186 1590 2251 Pannonicum
1611 2187 1723 2247 bellum
1744 2187 1866 2269 excepit

259 2304 361 2365 clades
383 2302 522 2362 Variana.
560 2301 651 2364 Cuius
674 2299 850 2361 calamitatis
872 2319 993 2360 caussas
1014 2319 1054 2359 ex
1076 2298 1150 2360 Vari
1169 2300 1423 2362 administratione
1443 2301 1603 2383 praecipue
1626 2300 1760 2363 Velleius
1780 2322 1865 2384 repe·

257 2419 295 2480 tit
312 2418 432 2496 (2.118,
449 2418 501 2494 2.).
543 2415 644 2495 Atque
664 2416 719 2477 hoo
740 2434 844 2474 uerum
863 2418 918 2488 est,
937 2433 1106 2494 quanquam
1126 2413 1279 2474 Hoeekius
1298 2416 1339 2494 (2,
1360 2416 1444 2491 91².)
1461 2416 1639 2477 1111111111
1658 2416 1689 2477 id
1709 2436 1777 2478 esse
1797 2436 1865 2479 oon·
1901 2405 1907 2411 ⁸

258 2506 376 2603 tenditi
389 2531 497 2612 quippe
511 2529 660 2589 Velleium
672 2529 822 2600 mandata,
842 2527 924 2588 Varo
945 2529 1132 2607 abAugusto
1153 2528 1232 2603 data,
1254 2549 1313 2590 non
1334 2549 1573 2592 commemorare.
1606 2528 1745 2612 'Primum
1762 2538 1864 2593 autem

261 2648 298 2708 de
326 2644 475 2706 mandatis
502 2643 560 2704 illis
587 2663 733 2724 nusquam
764 2643 874 2704 mentio
892 2645 972 2704 i‘aeta
993 2642 1143 2703 inuenitur
1165 2642 1335 2717 (Hoeolrius
1353 2644 1413 2720 89.)
1454 2645 1515 2706 aed
1534 2650 1568 2706 ut
1587 2651 1864 2722 commemorentur,

258 2758 339 2823 aliud
365 2766 411 2820 est
431 2759 503 2820 dare
522 2732 676 2833 mandata,
704 2759 783 2833 aliud
802 2759 942 2839 exseqni;
971 2759 1061 2839 idque
1081 2758 1197 2820 Varum
1219 2759 1282 2819 sine
1303 2759 1365 2819 ulla
1385 2764 1417 2820 et
1436 2760 1594 2840 prudentia
1614 2765 1646 2820 et
1666 2761 1866 2843 temperantia

258 2876 376 2948 secisse,
401 2875 479 2934 inter
506 2893 608 2933 omnes
626 2877 749 2934 constat.
794 2871 930 2933 Tiberius
958 2877 1059 2934 autem
1082 2878 1149 2955 post
1173 2874 1288 2936 cladem
1317 2873 1347 2933 iu
1367 2872 1560 2936 Germaniam
1581 2875 1705 2947 missus,
1737 2876 1865 2954 gloriam

258 2989 378 3070 quidem
401 2989 562 3050 maximam
582 2989 637 3049 sibi
654 3008 843 3070 comparasse
853 2989 947 3062 ,(121),
962 2989 1002 3066 2.)
1022 3009 1080 3049 111
1097 2988 1226 3062 uidetur,
1245 2988 1353 3070 quippe
1374 2989 1424 3068 qui
1439 2989 1587 3049 neminem
1599 2990 1725 3050 liaberet
1735 2990 1864 3066 obuium,

258 3125 348 3185 quern
368 3105 493 3166 sundere
515 3114 616 3185 posset
636 3103 703 3180 (Dio
715 3105 764 3176 56,
776 3104 855 3179 25),
869 3103 922 3162 sed
940 3103 1011 3183 quin
1030 3104 1172 3164 honorem
1189 3103 1313 3165 nominis
1327 3102 1454 3164 Romani
1465 3103 1680 3185 aliquantisper
1690 3105 1865 3181 restituerit,

260 3220 363 3299 nequit
385 3218 520 3279 dubitari.
561 3219 650 3280 Certe
675 3226 775 3279 autern
798 3216 934 3277 Velleius
954 3218 984 3277 in
1007 3217 1101 3278 maius
1122 3238 1170 3278 res
1187 3221 1225 3279 ab
1242 3238 1277 3279 eo
1298 3225 1402 3297 gestas
1422 3220 1540 3279 extollit
1561 3220 1652 3297 (Vell.
1667 3221 1862 3304 121,.l.)²²}

360 3333 474 3394 Deinde
501 3352 576 3412 quae
600 3332 652 3393 illa
681 3333 760 3393 bella
784 3331 918 3410 sequitur
947 3332 1049 3392 mortis
1073 3332 1229 3393 Octamani
1261 3332 1420 3413 descriptio
1442 3333 1505 3392 sine
1526 3333 1615 3394 dubio
1633 3335 1768 3395 oratoriis
1787 3336 1866 3397 cela·

258 3448 369 3509 mistris
393 3447 507 3509 laborat
527 3446 568 3524 (2,
593 3446 681 3523 123),
703 3445 758 3506 sed
781 3454 881 3505 tamen
905 3452 1008 3505 contra
1030 3466 1078 3506 res
1095 3466 1113 3506 a
1134 3445 1251 3507 Velleio
1271 3450 1409 3508 narratas
1429 3467 1523 3528 pauca
1544 3448 1704 3509 admodum
1725 3450 1867 3511 uidentur

258 3582 346 3644 posse
376 3561 510 3643 proferri
566 3559 608 3620 Vt
634 3561 712 3620 enim
739 3560 922 3620 Octauianus
950 3580 1009 3620 non
1031 3572 1219 3644 prosecutus
1246 3560 1286 3621 sit
1306 3559 1470 3635 Tiberium,
1504 3566 1605 3622 tamen
1632 3583 1692 3624 una
1717 3584 1768 3624 eos
1797 3584 1866 3626 esee

259 3680 408 3761 profectos
435 3685 549 3737 certum
576 3682 623 3735 est
645 3666 741 3745 (Suet.
765 3673 899 3736 01197.
924 3674 1124 3747 Η111111112,
1148 3678 1234 3749 115.)
1283 3675 1391 3735 Vtrum
1418 3687 1518 3737 autem
1540 3676 1676 3738 Tiberius
1706 3687 1866 3741 reuocatus

260 3792 324 3852 siue
345 3793 382 3853 ab
404 3792 541 3869 Augusto
563 3788 655 3861 (Vell.
679 3789 743 3862 123,
765 3790 808 3866 2.)
830 3789 893 3848 siue
919 3808 938 3849 a
960 3788 1046 3849 linia
1066 3789 1146 3869 (Tac.
1172 3793 1196 3864 1,
1217 3793 1258 3860 5.)
1279 3796 1348 3850 ante
1369 3794 1494 3852 mortem
1517 3791 1606 3852 etiam
1629 3793 1802 3854 aduenisset
1821 3797 1866 3855 at·

258 3927 315 3986 que
336 3908 374 3966 ab
395 3906 532 3984 Angusto
557 3903 641 3963 uaria
667 3902 843 3963 adhortatus
864 3910 945 3963 esset
968 3903 1053 3984 (123,
1073 3906 1123 3978 3.),
1141 3904 1201 3964 iarn
1223 3903 1324 3965 Dionis
1345 3916 1479 3986 tempore
1501 3906 1693 3967 dubitabatur
1717 3909 1775 3984 (56,
1792 3908 1865 3985 31).

258 4020 320 4082 seu
339 4020 454 4081 etiamsi
476 4039 494 4079 a
516 4015 755 4098 locupletioribus
778 4017 947 4078 auctoribus
960 4016 1110 4078 Tiberimn
1131 4024 1200 4077 ante
1221 4024 1347 4079 mertem
1366 4019 1524 4079 aduenisse
1544 4020 1616 4080 dicit
1630 4022 1744 4100 negari,
1765 4027 1867 4084 tamen

202 4120 207 4143 ⁵
257 4134 308 4194 uel
329 4133 450 4195 Tacitus
474 4135 521 4210 (1,
546 4133 605 4211 13.)
637 4105 843 4213 supremorum
871 4151 1040 4192 sermonum
1067 4132 1246 4192 mentionem
1266 4133 1345 4208 facit,
1372 4133 1478 4212 quibus
1502 4134 1659 4212 Augustus
1680 4137 1812 4197 homines
1835 4141 1869 4198 et

258 4248 363 4329 imperi
384 4266 508 4327 capaces
531 4250 562 4305 et
584 4266 729 4306 summam
749 4266 849 4306 rerum
865 4246 1051 4306 adfectantes
1074 4246 1269 4306 denotauerit.
1307 4246 1403 4308 Nemo
1425 4251 1525 4308 autem
1547 4253 1628 4323 erat,
1647 4251 1771 4311 absente
1791 4251 1867 4313 Ger·

162 4386 167 4395 ·
198 4393 203 4402 ·
258 4362 385 4434 manico,
405 4380 529 4440 quocum
552 4361 660 4421 talibus
683 4361 721 4420 ‹le
743 4361 833 4421 rebus
854 4359 989 4439 conloqui
1010 4365 1121 4439 posset,
1141 4370 1262 4440 praeter
1283 4358 1435 4420 Tiberium
1458 4362 1551 4437 (Suet.
1576 4363 1640 4423 Oct.
1662 4365 1823 4443 981111.)

357 4475 430 4536 Post
456 4494 616 4535 excessum
636 4475 767 4554 Augusti
798 4494 940 4553 magnum
963 4493 1065 4534 omnes
1085 4473 1221 4534 timorem
1241 4474 1387 4534 inuasisse
1406 4476 1508 4537 scribit
1527 4477 1661 4538 Velleius
1682 4481 1747 4554 124,
1770 4482 1798 4561 l..
1805 4482 1866 4560 13).

258 4591 335 4652 Nam
352 4589 497 4663 Tiberius,
518 4600 620 4650 utrum
637 4591 786 4670 acciperet
806 4588 971 4669 imperium,
992 4608 1031 4648 an
1051 4596 1199 4663 renueret,
1222 4590 1359 4650 dubitare
1376 4590 1541 4652 uidebatur.
1580 4592 1642 4653 Cur
1660 4597 1761 4654 autem
1782 4580 1874 4655 dubi?

260 4706 383 4778 tenerit,
412 4705 493 4765 uarie
521 4704 696 4785 explicatur.
740 4701 875 4762 Velleius
902 4703 980 4762 enim
1003 4703 1090 4777 (124,
1110 4704 1153 4778 2.)
1181 4704 1336 4782 aequalem
1363 4723 1432 4763 eum
1453 4705 1563 4778 ciuem,
1592 4725 1681 4784 quam
1702 4707 1867 4788 principem

361 4853 402 4920 11)
423 4857 503 4912 Quem
523 4856 587 4905 iuste
607 4853 797 4904 condemnatum
820 4868 882 4915 esse,
903 4869 934 4904 ne
951 4853 1053 4904 Tacitus
1072 4852 1172 4918 quidem
1190 4853 1314 4905 infitiatur
1331 4860 1367 4918 (l,
1386 4856 1432 4919 5.).
1451 4854 1502 4908 Sed
1521 4863 1609 4922 postea
1631 4857 1742 4908 Velleius
1765 4858 1868 4910 silentio

258 4944 376 5009 praeterit
385 4959 441 4993 eum
452 4941 560 4992 occisum
571 4957 631 4990 esse.
662 4942 718 4998 Quo
730 4941 767 5003 111,
787 4944 815 4989 11
827 4939 907 5003 magis
919 4940 996 4991 etiam
1012 4940 1077 4990 illud
1091 4940 1187 4990 lacinus
1196 4941 1301 4993 Tiberio
1313 4941 1423 4993 tribuere
1436 4942 1589 4993 adducamur
1599 4944 1786 5009 (Sicuersiusi,
1803 4946 1867 5011 12).
1975 4958 1979 4963 ·

361 5032 402 5091 ¹²)
419 5029 473 5077 Nee
490 5033 573 5077 tamen
592 5027 654 5078 adeo
673 5026 781 5089 extollit,
800 5032 829 5077 ut
847 5027 975 5077 Hoeelrius
998 5027 1056 5080 109.
1074 5033 1156 5092 putet,
1173 5027 1217 5091 qui
1234 5028 1332 5079 Velleio
1351 5029 1485 5080 Ruhnkeni
1499 5031 1667 5081 coniecturam
1686 5033 1802 5098 (coneraia
1818 5048 1867 5099 pro

258 5122 379 5168 concussis
398 5118 504 5166 batibus
524 5113 663 5179 scribentis)
683 5114 736 5165 sine
756 5114 808 5164 ulla
826 5112 983 5165 dubitatione
1002 5112 1116 5177 adtingit.

360 5202 403 5268 τι)
422 5203 496 5253 Recte
515 5201 654 5252 Sieuersius
672 5205 696 5252 2.
714 5203 780 5254 48⁸.
806 5201 867 5251 haee
895 5201 972 5252 uerba
993 5201 1020 5252 in
1039 5218 1068 5252 ee
1094 5216 1196 5251 numero
1221 5201 1305 5268 ponit,
1330 5202 1373 5253 ubi
1391 5203 1503 5256 Velleius
1523 5203 1585 5254 fines
1604 5202 1727 5255 laudandi
1744 5205 1866 5282 excedere

196 5289 221 5340 '.
258 5285 365 5337 uidetur.

613 5448 635 5497 t*
