4320 5902
1071 562 1092 633 ‘l

280 731 430 815 proposito
454 729 659 791 sanctissimus
679 730 723 808 (2,
744 729 764 791 2
786 730 803 809 ς
822 730 868 806 1.).
905 727 1004 790 Nihilo
1028 729 1126 790 minus
1152 749 1171 790 a
1199 729 1282 790 bonis
1304 731 1465 791 desciuisse
1489 730 1597 791 dicitur
1621 735 1652 790 et
1679 730 1881 810 indignatione

281 856 422 926 metuque
443 846 482 906 ad
502 846 587 924 leges
608 845 737 906 omnium
757 849 869 905 statum
888 845 1090 906 concutientes
1110 846 1250 906 terendas
1271 846 1433 907 adductum
1455 863 1531 906 esse.
1578 844 1646 915 Qua
1666 864 1706 904 ex
1729 864 1762 905 ne
1788 845 1882 906 cerni·

282 945 340 1036 tru,
360 959 518 1035 Velleinm,
539 979 607 1020 cum
626 959 747 1039 ingenia
767 959 916 1020 hominum
934 948 1132 1035 describeret,
1151 961 1271 1043 saepius
1289 980 1326 1022 ea
1346 980 1404 1022 uon
1423 967 1485 1021 tam
1507 960 1661 1043 epithetis,
1681 980 1758 1040 quae
1781 960 1882 1021 dicun-

282 1080 348 1150 tur,
371 1075 481 1136 additis
499 1074 678 1149 dedniuisse
701 1092 789 1154 quam
811 1076 962 1156 legentem
985 1078 1144 1137 uerborum
1164 1075 1241 1136 mole
1262 1075 1395 1136 obruisse
1419 1074 1579 1156 (Sauppius
1605 1077 1679 1151 160).

383 1207 476 1269 Simul
502 1214 618 1281 autem,
643 1206 674 1267 id
701 1208 780 1287 quod
806 1207 902 1270 aulica
923 1207 988 1269 uita
1013 1227 1132 1290 semper
1154 1207 1254 1268 excoli
1281 1211 1412 1279 constat,
1443 1207 1629 1286 argutiarum
1655 1218 1702 1266 cst
1729 1207 1882 1268 studiosis·

283 1323 383 1384 simus.
421 1322 537 1394 Qurbus
561 1322 697 1401 quamuis
715 1341 761 1398 ea,
783 1342 860 1402 quae
879 1329 1048 1398 narrantur,
1071 1342 1130 1385 non
1143 1326 1295 1384 mutentur
1317 1323 1348 1382 in
1368 1321 1500 1382 deterius
1511 1324 1547 1398 ⁵),
1570 1328 1670 1383 tamen
1691 1321 1771 1382 color
1791 1321 1882 1383 totius

283 1438 381 1520 operis
401 1444 432 1499 et
450 1438 559 1499 iudicIa
578 1457 637 1498 non
658 1456 810 1517 nunquam
827 1441 1056 1520 corrumpuntur
1076 1436 1235 1517 (Krausius
1256 1436 1387 1513 ΧΙΠΙ.)

382 1569 447 1631 Iam
468 1589 541 1631 uero
559 1589 595 1631 ao
615 1580 792 1652 peruentum
813 1574 869 1644 cst
891 1575 924 1631 ut
946 1571 984 1630 de
1005 1589 1041 1632 ea
1062 1592 1095 1632 re
1117 1570 1258 1645 dicamus,
1279 1591 1338 1650 qua
1358 1571 1505 1632 maculam
1522 1569 1729 1650 grauissimam
1743 1577 1775 1630 et
1787 1587 1882 1650 paene

283 1666 472 1746 indelebilem
492 1683 628 1745 Velleius
656 1686 841 1746 contraxisse
868 1691 997 1767 putatur.
1039 1686 1114 1746 Inde
1142 1686 1219 1746 euim
1246 1684 1385 1767 aLipsio
1413 1705 1432 1746 a
1458 1685 1559 1745 multis
1584 1703 1674 1765 saepe
1697 1683 1883 1745 animaduer-

284 1821 350 1861 sum
372 1803 427 1876 est,
450 1798 600 1860 Velleium
613 1798 731 1860 Tiberio
752 1800 927 1881 prauissime
948 1801 1074 1875 adulari,
1092 1822 1188 1881 neque
1209 1821 1245 1862 eo
1263 1807 1433 1861 contentum
1451 1798 1611 1862 Caesarem
1628 1798 1882 1878 Octarrianrrmque

284 1919 406 1998 praeter
428 1914 536 1976 merita
563 1914 725 1990 extollere,
750 1915 808 1975 imo
834 1934 869 1976 eo
897 1915 1058 1997 procedere
1080 1915 1245 1995 nequitiae,
1267 1920 1300 1974 ut
1324 1919 1491 1974 maternum
1511 1911 1611 1973 Tiberi
1638 1933 1746 1992 genus,
1774 1910 1882 1988 Liuias,

284 2049 303 2091 a
326 2031 434 2091 merita
453 2029 670 2112 uituperatione
691 2029 843 2091 uindicare
864 2037 987 2091 conatur
1006 2029 1215 2109 (Ruhnkenius
1239 2031 1302 2089 110.
1324 2029 1376 2089 cir.
1398 2027 1548 2102 Norisius,
1570 2027 1752 2108 Cenotaphia
1774 2026 1883 2088 Pisana

284 2165 312 2226 p.
326 2145 374 2207 92.
395 2143 429 2205 Β.
457 2144 502 2226 [in
524 2142 636 2207 Graeui
662 2145 803 2205 thesauro
825 2145 914 2225 antiq.
943 2155 975 2205 et
1000 2145 1101 2206 histor.
1128 2144 1235 2206 Italiae
1261 2143 1293 2204 L.
1314 2142 1348 2204 B.
1380 2145 1463 2206 1723.
1486 2142 1513 2215 8,
1534 2130 1585 2222 3.)
1616 2141 1817 2227 ὧφὺθὶίἰιιε,
1844 2140 1883 2200 de

285 2259 415 2338 Augusti
443 2257 609 2340 principatu
630 2280 657 2340 p.
665 2258 737 2320 '232
761 2259 804 2340 [in
822 2257 980 2320 Ranmeri:
1012 2260 1112 2320 histor.
1140 2259 1343 2321 tasabenbuch
1365 2258 1457 2339 1834)
1475 2257 1613 2337 aliique).
1655 2256 1741 2326 Quae
1768 2255 1885 2317 macula

286 2374 409 2453 egregIa
436 2373 548 2457 Sauppi
574 2374 820 2435 commentatione
847 2375 983 2435 abstersa
1010 2373 1173 2447 uideretur,
1199 2374 1264 2453 (cir.
1292 2373 1423 2434 Kritaius
1441 2371 1584 2432 XXIIII.
1612 2377 1643 2431 et
1668 2371 1884 2452 Bernhardyus

285 2487 324 2549 Η.
345 2487 378 2549 L.
399 2488 437 2551 R.
458 2488 564 2570 [1850]
584 2509 612 2549 n.
626 2489 693 2551 502.
715 2511 742 2571 p.
759 2487 839 2565 548.)
867 2487 923 2548 nisi
948 2493 1052 2570 postea
1071 2487 1225 2549 Hoeckius
1247 2488 1297 2568 (H.
1311 2488 1347 2548 a
1362 2489 1390 2563 2,
1413 2489 1486 2563 29³,
1507 2488 1619 2562 32²,80
1630 2490 1654 2561 ⁴,
1676 2487 1709 2548 81
1725 2489 1752 2561 ’3)
1772 2486 1884 2547 bellum

285 2603 429 2663 acerrime
456 2603 662 2682 redintegrare
689 2610 812 2664 conatus
840 2608 928 2663 esset
978 2602 1125 2685 Sanppius
1145 2608 1244 2665 autem
1265 2611 1346 2665 recte
1367 2602 1493 2678 monuit,
1522 2602 1684 2664 adulatoris
1705 2621 1787 2675 esse,
1808 2600 1885 2662 tales

286 2736 334 2776 res
366 2717 503 2778 laudibus
530 2716 653 2793 efferre,
681 2738 756 2798 quas
782 2718 880 2779 animo
907 2719 1060 2799 reprobet,
1094 2692 1275 2798 quinetiam
1297 2719 1410 2800 turpia,
1438 2723 1471 2779 ut
1491 2717 1619 2797 gratiam
1640 2722 1741 2798 captet
1760 2735 1885 2776 commo

285 2832 395 2892 dumus
418 2831 563 2907 obtineat,
591 2832 731 2894 orationis
758 2834 825 2893 luco
847 2852 1002 2895 exornare.
1052 2831 1161 2896 Contra
1188 2831 1337 2894 Velleium
1363 2811 1434 2894 niara
1460 2833 1653 2894 admiratione
1679 2830 1834 2893 Octauiani
1854 2832 1886 2890 et

286 2945 384 3007 Tiberi
411 2947 560 3008 adiectum
582 2967 664 3022 esse,
687 2968 774 3028 quos,
796 2967 863 3008 cum
882 2949 941 3009 iam
962 2948 992 3008 in
1011 2947 1134 3030 Pompei
1153 2947 1304 3010 Ciceronis
1323 2947 1461 3010 Caesaris
1489 2947 1626 3008 laudibus
1653 2944 1787 3006 oratoriis
1808 2944 1885 3005 cala-

286 3061 397 3122 mistris
423 3064 534 3123 abusus
561 3069 656 3137 esset,
682 3062 782 3123 iacere
809 3083 867 3124 non
895 3063 1041 3144 potuisse,
1068 3061 1138 3142 quin
1164 3062 1228 3123 sine
1255 3063 1315 3123 ullo
1342 3063 1436 3145 pulcri
1458 3083 1547 3122 sensu
1568 3060 1762 3143 praedicaret.
1805 3058 1886 3129 Qua-

286 3195 353 3236 rum
379 3173 461 3237 certe
490 3177 612 3238 laudum
638 3177 854 3259 ineptissimum
878 3188 940 3253 est,
967 3178 1046 3257 quod
1065 3176 1216 3239 Tiberium
1238 3177 1308 3239 VII.
1337 3177 1500 3258 triumphos
1521 3176 1658 3236 meritum
1681 3194 1748 3234 esse
1769 3192 1886 3234 summa

287 3291 456 3352 seueritatis
481 3291 580 3374 specie
607 3290 758 3367 adfirmat,
786 3293 840 3353 scd
864 3293 960 3354 tribus
986 3292 1077 3352 irrisae
1103 3296 1280 3354 contentum.
1314 3294 1352 3372 (⁶2.
1374 3292 1446 3365 122,
1468 3293 1512 3368 1.).
1555 3291 1615 3351 Sed
1636 3289 1708 3350 talia
1730 3288 1886 3370 scripsisse

287 3424 356 3465 eum
377 3424 435 3467 non
455 3405 514 3467 alia
533 3406 711 3466 sentientem
731 3426 766 3467 eo
786 3408 1020 3483 demonstratur,
1047 3409 1126 3488 quod
1151 3429 1184 3469 se
1208 3408 1409 3487 l'amiliamquc
1430 3428 1497 3469 curn
1518 3407 1576 3467 illis
1598 3406 1745 3468 artissime
1767 3406 1885 3467 coniun-

287 3539 360 3598 gere
380 3520 459 3580 omni
478 3521 566 3580 modo
586 3524 721 3602 temptat.
756 3494 848 3582 Sicuti
868 3520 1041 3603 Capitonem
1062 3527 1201 3604 patruum
1223 3523 1374 3605 Agrippae
1395 3524 1425 3583 in
1439 3523 1574 3585 Cassium
1595 3521 1806 3601 subscripsisse
1826 3520 1886 3582 lae-

288 3639 369 3694 tatur
389 3635 427 3713 (2.
439 3636 488 3709 69,
498 3637 539 3711 5),
559 3655 627 3695 cum
640 3639 723 3695 recte
734 3634 923 3696 Drumannus
946 3638 985 3715 (l,
1004 3637 1075 3714 339)
1086 3637 1205 3713 iudicet,
1218 3638 1355 3712 omnium,
1376 3637 1482 3716 quibus
1493 3637 1544 3697 illo
1556 3646 1687 3718 tempore
1702 3635 1885 3697 Octauianus

288 3768 360 3808 usus
379 3754 469 3823 esset,
489 3753 678 3810 accusatores
698 3754 868 3832 contemptu
888 3751 980 3810 fuisse
1001 3751 1197 3830 dignissimos.
1240 3752 1345 3832 Itaque
1367 3771 1545 3831 quamquam
1568 3751 1653 3811 facile
1674 3750 1812 3833 copccdo,
1833 3749 1884 3812 ad-

287 3862 472 3924 mirationem
493 3863 649 3924 Octauiani
669 3861 828 3945 Tiberique
855 3865 1002 3927 sinceram
1029 3867 1134 3941 l'rrisse,
1161 3870 1261 3927 tamen
1280 3867 1311 3926 id
1333 3866 1461 3947 Sauppio
1482 3866 1554 3926 dare
1576 3885 1634 3925 non
1654 3885 1790 3947 possum,
1817 3883 1886 3925 eum

287 3976 451 4038 adulatoris
476 3977 593 4038 nomine
620 3997 678 4038 non
704 3997 771 4062 esse
796 3977 1029 4058 insigniendum,
1044 3980 1105 4068 ¹,qui
1129 3980 1193 4040 eius
1218 3980 1275 4041 uiri
1302 4000 1391 4060 quem
1418 3980 1582 4041 admiretur
1601 3980 1728 4041 maiores
1748 3978 1887 4041 laudibus

288 4090 393 4152 efferat
411 4137 429 4167 „
437 4091 550 4153 ratione
558 4098 584 4168 “‚
604 4095 639 4153 ut
659 4092 808 4175 Sauppius
831 4092 895 4156 168.
916 4094 972 4168 ait,
1000 4095 1207 4174 „cognationis
1227 4096 1361 4157 habita.“
1400 4095 1566 4166 Quocirca
1584 4095 1675 4156 Drusi
1697 4095 1801 4156 laudes
1823 4095 1887 4156 sinc
1939 4090 1945 4105 '

287 4206 377 4267 dubio
401 4205 498 4288 turpis
524 4206 701 4270 adulationis
726 4209 899 4288 arguendae
925 4213 1041 4285 essent,
1068 4210 1094 4270 si
1118 4210 1202 4270 illum
1223 4210 1305 4271 nulla
1326 4209 1415 4271 laude
1435 4209 1557 4289 dignum
1577 4230 1661 4286 esse,
1687 4210 1889 4272 interamnae

289 4325 453 4392 constaret3
487 4321 545 4383 imo
571 4322 621 4383 uel
647 4322 752 4383 laudes
773 4322 890 4385 Tiberio
917 4325 1046 4386 tributae
1066 4324 1243 4386 adulationis
1264 4344 1349 4384 reum
1369 4344 1438 4385 eum
1458 4326 1605 4400 iacerent,
1626 4326 1651 4386 si
1673 4345 1776 4386 uerum
1799 4328 1889 4400 esset,

288 4436 367 4515 quod
394 4435 543 4496 nonnullis
573 4436 689 4518 placet,
716 4436 780 4515 (cir.
801 4436 1021 4514 Tillemontius,
1048 4438 1086 4500 H.
1108 4437 1149 4514 1.,
1173 4440 1286 4515 1,oa.)
1312 4438 1464 4499 Tiberium
1489 4446 1654 4500 monstrum
1673 4424 1771 4500 'Irrisse
1799 4444 1889 4519 atque

289 4554 466 4633 portentum.
514 4550 557 4610 st
582 4569 620 4610 ne
639 4550 691 4611 vsic
717 4551 836 4630 quidem
862 4558 985 4635 propter
1011 4552 1100 4613 Drusi
1127 4553 1246 4614 laudem
1271 4573 1387 4614 omnem
1419 4554 1665 4637 uituperationem
1686 4554 1820 4614 Velleius
1847 4553 1890 4615 el·

391 4773 415 4840 Ι)
435 4771 486 4824 aas
504 4788 535 4824 ns
552 4773 629 4825 buius
646 4773 747 4839 quidam
766 4774 803 4825 rei
821 4773 935 4841 exempla
953 4773 1051 4827 desunt.
1087 4776 1149 4826 Post
1163 4792 1272 4842 pugnam
1290 4777 1355 4827 enim
1375 4777 1543 4829 Pharsalicam
1566 4779 1657 4829 Caesar
1675 4778 1792 4829 libentius
1809 4778 1891 4831 uitem

292 4859 403 4921 dedisse,
430 4876 504 4926 quem
519 4860 583 4912 uicti
604 4861 728 4927 accepisse
749 4867 882 4913 namatus
899 4864 941 4928 (2,
959 4864 1000 4913 bt.
1019 4863 1062 4927 6.).
1098 4862 1171 4919 Quod
1189 4863 1322 4914 manifesto
1349 4863 1440 4915 salsum
1465 4870 1515 4925 est,
1541 4866 1633 4932 partim
1658 4866 1724 4915 enim
1743 4864 1891 4932 Pompssui

291 4946 381 4997 uictori
402 4963 428 4997 se
446 4945 603 5009 dediderunt,
622 4950 713 5015 partim
730 4948 825 4999 bellurn
839 4965 959 5001 renouare
978 4949 1061 5001 eonati
1078 4955 1144 5000 suut.
1161 4950 1387 5017 (titaneus)
1411 4951 1480 5004 Vnus
1498 4951 1693 5003 eretMarrellus
1708 4952 1752 5018 qui
1768 4952 1889 5018 pertinaci

290 5033 373 5083 animo
390 5033 500 5084 Lesbum
517 5033 650 5098 manderet,
671 5034 784 5086 Caesaris
800 5035 956 5087 elementiam
974 5041 1128 5103 aspernatus.
1144 5038 1314 5104 (Drumannus
1335 5041 1360 5101 3,
1371 5041 1418 5090 iil
1433 5054 1440 5106 3
1456 5042 1481 5102 2,
1500 5040 1571 5104 394).
1610 5039 1729 5106 Inprimis
1749 5046 1833 5091 autern
1851 5039 1892 5091 in·

291 5124 376 5186 aptum
394 5128 446 5184 est,
469 5120 536 5186 quod
554 5123 580 5186 2,
597 5123 639 5173 ct.
653 5124 678 5172 2.
695 5120 761 5172 inter
785 5120 850 5173 filios
867 5138 957 5173 uxores
976 5138 1061 5173 seruos
1078 5121 1182 5174 libertos
1199 5124 1376 5189 distinguitur,
1402 5133 1477 5192 prout
1494 5126 1534 5177 uel
1554 5128 1646 5178 maiore
1665 5127 1705 5178 uel
1722 5128 1817 5179 minore
1832 5126 1892 5181 adsi

290 5221 352 5272 erge
374 5208 527 5274 psoscdptos
553 5225 580 5260 se
606 5209 783 5276 praestiterint.
822 5209 932 5274 Accedit,
956 5210 1021 5276 quod
1047 5210 1113 5260 serui
1137 5227 1211 5278 saepe
1232 5212 1333 5263 fallaces
1357 5228 1446 5263 uxores
1470 5213 1561 5264 infidae
1581 5215 1628 5265 flrii
1646 5215 1762 5266 fidissimi
1782 5216 1890 5277 luerunt.

293 5294 454 5347 Drumannus
472 5297 493 5356 Ι,
511 5297 570 5348 376.
