4320 5902
1067 549 1111 625 lc

282 713 388 787 tulisse
412 717 531 788 narret,
558 732 616 792 quo
642 713 785 796 populum
810 714 867 775 sibi
891 713 1064 777 deuinairet.
1110 715 1227 777 Deinde
1255 717 1355 796 legem
1381 716 1564 780 iudiciariam
1592 719 1666 792 fert,
1692 737 1752 799 qua
1771 719 1889 782 romani

280 829 325 893 aa
340 827 453 891 iudicia
471 827 649 903 reddunbrr,
670 833 705 890 ut
726 828 755 888 ei
774 826 857 892 000.
878 828 995 909 equites
1014 829 1189 893 adiciantur.
1230 831 1317 902 Quae
1338 832 1437 895 omnia
1456 851 1492 895 eo
1511 832 1654 908 tendunt,
1674 837 1709 895 ut
1730 832 1829 895 Italici
1850 834 1889 897 oi-

280 944 407 1007 runem
433 941 690 1024 5515555155
711 962 736 1004 o.
757 943 845 1024 361).
867 944 916 1007 59.
943 945 1019 1024 ὑπὲρ
1047 937 1092 1010 riv
1120 953 1172 1012 καὶ
1198 946 1325 1025 μάλιστα
1355 956 1450 1013 andro
1471 950 1652 1028 1115551511).
1701 945 1781 1009 Nem
1800 951 1890 1011 anien

278 1059 339 1123 isui
364 1076 435 1120 eam
457 1057 518 1119 illia
535 1057 720 1140 promiserat
767 1058 950 1121 (iurantem
969 1059 1041 1120 socii
1061 1059 1193 1121 Drusum
1216 1061 1401 1142 potissimum
1419 1061 1581 1141 eligerent,
1615 1061 1745 1143 partium
1764 1066 1888 1125 senatu

279 1172 460 1237 acerrimum
480 1177 747 1254 propugnatorem,
767 1172 819 1253 qui
837 1191 975 1235 caumam
997 1180 1147 1250 tueretur,
1169 1194 1228 1238 non
1249 1175 1362 1238 addit
1385 1175 1550 1238 Praeterea
1567 1177 1623 1238 boc
1642 1195 1716 1239 sana
1736 1177 1888 1239 absurdis

280 1289 358 1351 simo
376 1306 396 1349 a
414 1286 513 1349 Druso
533 1289 646 1349 factum
665 1291 756 1348 osset
783 1285 908 1381 ‘Iegem
927 1287 1006 1349 enim
1025 1288 1199 1371 iudicariam
1226 1290 1334 1365 talem,
1354 1291 1474 1370 qualem
1494 1302 1682 1373 proponeret,
1702 1293 1740 1354 ab
1761 1300 1887 1372 utroquo

282 1402 387 1467 01111118
405 1402 531 1464 moleste
550 1402 645 1465 ntum
666 1401 703 1463 iri
730 1406 852 1482 (σαφῶς
879 1404 935 1482 μὲν
963 1404 1002 1469 ori
1032 1405 1207 1484 δυνάμενος
1226 1413 1258 1481 lc
1278 1406 1334 1489 τὴν
1354 1405 1471 1487 dccliv
1494 1412 1669 1490 luraque
1689 1406 1725 1470 sci
1749 1411 1888 1487 draconi·
1949 1479 1953 1489 ¹

285 1545 347 1599 pso,
368 1520 519 1599 τεχνάζων
542 1515 569 1582 d'·
590 1523 621 1593 ir
647 1520 806 1596 ἑκατέρους
830 1511 926 1595 (dds),
950 1518 1037 1580 facilc
1058 1524 1126 1581 erat
1145 1520 1307 1582 intellectu.
1349 1521 1446 1583 Multo
1462 1521 1555 1600 igitur
1570 1520 1751 1594 meliuafuit,
1772 1522 1887 1584 551115-

283 1637 464 1699 15155551
490 1632 606 1712 equites
635 1632 794 1694 deruncira.
847 1632 973 1695 Etiamsi
998 1636 1100 1695 autem
1127 1642 1286 1715 ntrrrmque
1314 1636 1449 1697 ordinem
1471 1636 1527 1698 sibi
1553 1635 1754 1709 depinxisset,
1787 1641 1888 1697 teman

283 1746 522 1829 legemGracchi
539 1753 714 1808 renouatam
734 1747 879 1811 asenam
898 1767 957 1809 non
970 1768 1057 1829 posse
1073 1749 1218 1825 adiuuari
1233 1751 1297 1831 ipse
1312 1750 1416 1811 debuit
1428 1750 1608 1832 perspicere.
1643 1749 1686 1810 Vt
1697 1769 1769 1812 uero
1781 1750 1833 1813 lex
1840 1750 1886 1813 iu·

282 1862 404 1925 dioiaria
425 1862 516 1923 t'uerit
535 1861 700 1936 artificium,
719 1862 876 1924 artificium
896 1868 953 1935 est,
973 1882 1032 1942 quo
1052 1884 1111 1925 555
1131 1864 1218 1925 facile
1240 1870 1340 1946 potest
1359 1865 1425 1926 fieri
1443 1865 1650 1926 miserabilius.
1683 1865 1797 1926 Addita
1806 1864 1885 1927 enim
1969 1916 1981 1924 .

280 1977 332 2041 1115
350 1977 390 2038 de
411 1978 559 2059 corruptis
577 1977 723 2038 iudicibus
744 1978 887 2053 clausula,
906 1979 1031 2058 equites,
1051 1979 1180 2060 saepius,
1200 1980 1280 2059 quod
1291 2000 1393 2042 omnes
1408 1980 1552 2054 sciebant,
1569 1979 1709 2060 corrupti,
1728 1979 1886 2041 inritaren·

279 2095 329 2156 arr
355 2092 485 2175 oportuit
505 2092 576 2170 (Cio.
597 2113 625 2173 p
647 2091 764 2155 Cluent
787 2093 804 2173 5
828 2094 891 2155 143.
914 2113 941 2173 p.
965 2091 1040 2153 Rab.
1062 2092 1143 2154 Post.
1165 2095 1182 2174 5
1207 2095 1272 2170 iti).
1314 2093 1447 2173 Denique
1471 2095 1562 2156 etiam
1582 2093 1661 2166 socii,
1679 2094 1730 2174 qui
1748 2094 1780 2154 in
1798 2093 1887 2155 Etru·

186 2223 191 2235 ·
278 2207 324 2270 ria
345 2206 529 2287 Vmbriaque
549 2206 706 2268 latifundia
726 2206 926 2288 possiderent,
955 2207 1044 2288 (App.
1067 2207 1085 2267 l
1106 2227 1130 2268 c.
1149 2209 1196 2268 46.
1218 2229 1245 2289 p.
1267 2208 1328 2285 53.)
1354 2208 1452 2269 Druso
1473 2207 1639 2269 aduersarii
1655 2214 1756 2283 erant,
1794 2212 1828 2268 ut
1846 2227 1885 2269 ne

278 2321 394 2385 Italicis
414 2322 534 2401 quidem
554 2341 596 2382 ex
617 2322 695 2383 omni
715 2325 800 2402 parte
820 2321 894 2382 satis
914 2321 1021 2381 fecisse
1042 2320 1203 2382 uideretur.

378 2436 479 2498 Aliam
500 2436 579 2497 uiam
599 2454 702 2496 eorum
721 2454 798 2514 quae
817 2434 934 2495 Drusus
953 2435 1068 2496 faceret
1087 2435 1332 2516 explicandorum
1352 2436 1507 2516 ingressus
1527 2447 1576 2496 est
1585 2435 1688 2497 Liuius
1708 2439 1789 2516 (71.)
1825 2437 1885 2508 Qui

279 2551 412 2613 Drusum
432 2555 555 2611 senatus
576 2569 715 2611 caussam
735 2568 771 2611 eo
792 2549 870 2610 tueri
889 2549 1019 2609 noluisse
1039 2550 1157 2624 scribit,
1180 2556 1214 2611 ut
1234 2550 1369 2631 pellectis
1390 2571 1444 2631 spe
1466 2551 1596 2612 ciuitatis
1615 2551 1702 2613 sociis
1724 2550 1822 2630 legem
1842 2551 1885 2613 iu·

279 2665 433 2727 51515555
455 2666 610 2747 perferret.
663 2665 706 2725 At
724 2664 838 2725 Italicis
862 2667 915 2724 aut
938 2664 1009 2726 data
1037 2671 1084 2724 eat
1110 2668 1180 2725 anta
1201 2665 1301 2743 legem
1325 2665 1507 2727 iudiciariam
1530 2665 1635 2726 ciuitas
1656 2670 1709 2727 aut
1728 2686 1798 2747 spes
1820 2666 1885 2727 eius

279 2779 489 2862 adipiscendae
501 2780 588 2841 fbcta.
621 2750 756 2849 Quorum
767 2779 887 2858 quidem
896 2779 972 2839 illud
986 2779 1049 2839 sine
1061 2778 1149 2838 dubia
1161 2777 1270 2839 falsum
1280 2784 1335 2838 est.
1373 2780 1447 2842 (lum
1459 2779 1537 2840 enim
1550 2779 1666 2840 Drusus
1679 2799 1806 2862 uespere
1820 2781 1885 2842 eius

279 2897 339 2958 dici
358 2897 533 2957 interfectus
555 2895 609 2969 sit,
628 2895 679 2975 qui
696 2895 829 2971 comitia,
849 2895 888 2955 da
910 2895 961 2955 illa
980 2893 1152 2974 quaestione
1173 2898 1343 2967 conuocata,
1365 2894 1576 2974 praecederet,
1597 2895 1704 2969 elucet,
1726 2894 1825 2973 legem
1844 2894 1883 2955 da

279 3011 400 3075 ciuitate
421 3030 480 3073 non
508 3013 577 3072 ante
603 3010 702 3089 legem
733 3008 926 3078 iudiciariam,
941 3009 1033 3070 latam
1059 3027 1135 3068 esse.
1178 3007 1230 3068 Sin
1248 3011 1349 3068 autem
1370 3028 1440 3089 spes
1461 3009 1664 3070 tantummodo
1684 3008 1812 3070 ciuitatis
1834 3010 1883 3071 ob

279 3126 418 3188 timendae
443 3124 532 3185 sociis
559 3125 639 3186 facta
665 3129 721 3199 est,
745 3142 833 3204 quern
858 3122 1033 3184 admodum
1055 3142 1158 3183 eorum
1178 3141 1268 3204 opere
1289 3123 1328 3183 ad
1349 3122 1448 3201 legem
1470 3122 1652 3184 iudiciariam
1674 3123 1883 3204 perferendam
1935 3155 1937 3160 ·

279 3240 324 3303 uti
342 3240 481 3322 patuerit,
503 3259 562 3301 non
580 3239 766 3322 perspicitur.

291 3392 294 3397 ·
378 3357 465 3426 Quae
488 3374 555 3416 cum
574 3354 617 3415 ita
637 3354 705 3429 sint,
725 3353 767 3414 nil
784 3359 888 3427 restat,
908 3353 965 3413 nisi
984 3352 1178 3414 utVelleium
1199 3372 1359 3432 sequamur
1372 3352 1530 3413 obscurata
1545 3371 1627 3427 sane,
1646 3353 1701 3412 sed
1716 3358 1798 3413 recta
1812 3371 1880 3413 nar·

280 3475 402 3533 rentem
443 3468 591 3551 Populum
615 3469 694 3528 enim
721 3468 790 3547 lege
813 3467 933 3547 5355115
965 3467 1021 3527 sibi
1047 3455 1179 3527 deuincit
1199 3466 1331 3541 Drusus,
1366 3471 1400 3526 ut
1424 3465 1579 3527 iudiciaria
1604 3466 1713 3528 iudicia
1732 3466 1882 3545 equitibus

279 3585 399 3666 eripiat3
419 3584 529 3645 deinde
549 3585 625 3644 bene
645 3583 833 3662 intellegens,
857 3582 1000 3644 Senatum
1019 3582 1149 3643 firmiore
1170 3581 1319 3662 potentiae
1336 3580 1530 3642 fundamento
1552 3581 1621 3655 niti,
1643 3581 1669 3641 si
1689 3583 1728 3642 ab
1748 3581 1812 3662 ipso
1835 3600 1882 3655 ea,

279 3718 355 3781 quae
378 3699 532 3763 Gracchus
553 3700 666 3760 frustra
686 3697 881 3778 postulasset,
914 3697 993 3757 ultro
1015 3696 1264 3769 concederentur,
1292 3695 1391 3773 legem
1414 3693 1453 3753 de
1472 3695 1593 3756 ciuitate
1614 3695 1689 3756 tulit
1712 3695 1882 3775 (Mommse

278 3815 347 3876 nius
366 3815 395 3889 2,
413 3815 493 3890 212.)
535 3813 656 3893 Fugere
684 3811 764 3872 enim
784 3830 860 3874 ‚eum
878 3830 937 3872 non
956 3810 1066 3892 potuit,
1085 3810 1277 3870 iustissimam
1297 3829 1364 3869 esse
1384 3809 1530 3870 sociorum
1553 3829 1690 3871 caussam
1710 3811 1748 3889 (2.
1776 3812 1820 3884 15,
1840 3811 1882 3888 2),

276 3948 374 4011 neque
394 3928 456 3989 ulla
477 3928 536 3989 alia
556 3915 706 4007 remagis
726 3929 848 3987 senatus
866 3944 1003 3986 caussam
1025 3943 1114 4006 posse
1135 3925 1334 3999 corroborari,
1356 3924 1412 3984 nisi
1432 3942 1477 3999 ea,
1499 3924 1577 4002 quod
1597 3944 1685 3984 suum
1704 3925 1809 4005 auique
1830 3925 1883 3986 tri·

279 4045 394 4107 bneret.
417 4042 556 4122 (Poteras
577 4044 606 4118 2,
624 4043 687 4119 aa.)
726 4040 887 4103 Senatores
906 4043 1007 4101 autem
1028 4039 1099 4120 quid
1118 4039 1162 4099 eis
1183 4038 1363 4099 conduceret
1383 4037 1474 4113 obliti,
1495 4057 1532 4097 ne
1552 4039 1637 4099 inuiti
1657 4039 1881 4114 adiuuarentur,

277 4177 346 4221 eum
364 4157 581 4220 interfecerunt
600 4156 825 4237 (Mommsenius
846 4156 874 4230 2,
894 4157 974 4232 215.)
985 4157 1039 4231 ¹³).

1026 4438 1134 4504 vnn.

377 4592 539 4655 Acceditur
567 4613 644 4654 nunc
667 4591 706 4654 ad
733 4611 770 4652 ea
796 4599 943 4672 tempora,
977 4609 1053 4670 quae
1074 4590 1212 4651 Caesaris
1238 4596 1307 4649 sunt
1338 4589 1482 4671 propiore.
1525 4589 1586 4650 Sed
1607 4591 1657 4670 qui
1677 4591 1796 4651 illorum
1815 4591 1879 4652 sine

216 4688 222 4693 ⁸
277 4707 366 4769 dubio
386 4727 521 4768 summus
544 4713 611 4767 erat
631 4716 662 4766 et
681 4706 800 4786 ingenio
817 4705 897 4766 ciuili
919 4709 950 4764 et
970 4714 1035 4765 arte
1057 4703 1179 4776 bellica,
1201 4704 1357 4765 Cornelius
1377 4703 1470 4776 Sulla,
1491 4723 1509 4763 a
1530 4705 1663 4785 partibus
1686 4707 1786 4766 stabat
1806 4706 1881 4767 055-

276 4822 337 4883 sari
356 4815 565 4893 aduersariis;¹
579 4800 684 4889 eontra
702 4821 818 4882 Marius
838 4820 937 4880 eidam
957 4826 1024 4880 erat
1043 4818 1157 4879 adfinis.
1200 4818 1268 4887 Quo
1288 4801 1392 4891 fitsnt
1414 4816 1548 4878 Velleius
1567 4818 1656 4878 insita
1674 4818 1813 4880 Caesaris
1829 4840 1880 4880 ue·

277 4936 444 5011 1155511555,
470 4956 547 5017 quae
570 4936 654 4998 Snlla
673 4954 785 5014 magna
804 4934 978 5019 perfecerit,
999 4953 1058 4993 ncn
1079 4931 1173 5013 possit
1195 4940 1278 4992 recte
1299 4931 1467 5007 aestimare,
1487 4932 1664 5014 praesertim
1684 4951 1751 4992 cum
1771 4953 1809 4993 ne
1833 4934 1880 4997 01-

379 5079 420 5184 111)
440 5119 508 5169 Num
520 5103 618 5169 Drusus
635 5133 651 5167 5
662 5115 759 5168 Senatu
771 5116 917 5168 interfectus
930 5115 971 5177 sit,
992 5115 1101 5166 l'rlloius
1121 5115 1221 5180 quidem
1241 5113 1360 5179 relinquit
1370 5115 1397 5164 in
1410 5112 1501 5177 medio,
1523 5112 1616 5178 conligi
1627 5119 1779 5166 1551555515
1791 5115 1880 5168 11555-

276 5201 367 5257 bara
388 5220 420 5257 u
441 5204 559 5256 uniuersa
587 5203 625 5254 rei
643 5201 810 5270 descriptione
826 5208 917 5268 potest.
936 5224 970 5240 ‹-
987 5202 1082 5268 Oporne
1099 5209 1183 5253 erstem
1200 5201 1311 5268 pretium
1330 5198 1432 5252 uidetur
1448 5200 1586 5267 inapioere,
1614 5217 1678 5268 quaa
1696 5200 1737 5252 bis
1755 5201 1786 5253 de
1805 5203 1880 5256 rebus

275 5296 430 5343 commentos
451 5296 489 5344 551
508 5290 636 5375 Sigonius,
656 5289 687 5341 de
705 5296 757 5341 551.
774 5289 821 5343 iar.
840 5289 872 5339 11.
891 5291 916 5350 3,
937 5293 946 5337 l
968 5304 993 5354 p.
1013 5290 1063 5339 746
1083 5288 1169 5355 (Helia
1189 5291 1274 5342 17181.

1627 5374 1680 5436 35
