4320 5902
1047 532 1094 609 34

373 701 434 765 seo
454 710 555 764 12222
575 702 606 763 in
626 721 737 783 magna
758 703 815 763 hac
834 702 1013 764 uenationis
1032 701 1227 781 neglegentia
1245 719 1304 760 non
1325 710 1399 781 puto
1413 698 1564 760 Velleium
1585 699 1661 760 duos
1677 699 1788 760 Balbos
1807 718 1881 761 222-

273 817 397 892 hubo,
417 817 460 878 uti
481 817 616 879 Puteano
627 818 695 880 1135.
717 816 897 878 Ruhnkenio
908 818 976 879 249.
999 816 1190 878 1121212281.
1212 815 1320 897 placet.
1360 814 1488 875 Balbum
1507 822 1609 875 autem
1628 818 1703 874 natu
1720 814 1879 891 minoren,

273 930 377 994 tastris
399 930 478 992 illius
497 931 583 993 Balbi
610 931 718 1005 iilimn,
749 951 805 1014 pro
831 950 890 1011 qno
908 932 1014 994 Cioero
1034 932 1197 992 orationem
1217 930 1333 1003 habuit,
1358 930 1456 990 solum
1474 929 1529 989 hoc
1551 929 1616 989 loco
1636 929 1766 1010 spectari
1785 944 1879 1011 pone

273 1052 373 1129 patet,
397 1045 447 1126 qui
468 1045 613 1125 singulari
635 1045 762 1106 andacia
781 1045 986 1126 Dyrrhachira
1008 1045 1129 1127 Pompei
1149 1054 1249 1106 eastra
1268 1045 1426 1106 intrauerit
1445 1045 1484 1123 (2
1506 1046 1555 1116 51,
1575 1045 1626 1120 3.).
1663 1044 1777 1105 Balbus
1794 1043 1879 1106 22122

273 1160 368 1222 maior
391 1179 447 1242 per
472 1166 567 1221 totum
596 1159 685 1220 ciuile
705 1160 816 1220 bellmn
837 1178 886 1221 res
906 1159 1045 1223 (12222212
1066 1159 1182 1220 112222
1202 1159 1421 1220 administrauit
1440 1160 1505 1237 (cir.
1526 1159 1613 1220 Balbi
1631 1178 1678 1241 ep
1698 1159 1731 1220 iu
1749 1159 1812 1222 Cia
1834 1159 1878 1221 ad

272 1248 380 1338 222.
402 1275 608 1358 2212222
630 1273 704 1351 os).
746 1274 909 1345 Questus
928 1294 1017 1353 orgo,
1044 1295 1116 1335 nom
1136 1274 1234 1335 omna
1256 1292 1308 1347 ea,
1334 1293 1411 1353 quae
1431 1273 1471 1333 22
1489 1274 1584 1336 mim
1604 1274 1741 1336 venetus
1762 1278 1879 1351 mor,

273 1390 302 1452 in
322 1391 449 1453 Balbum
475 1390 618 1451 minorem
643 1389 799 1469 quadrent.
840 1389 992 1472 Hispanus
1015 1390 1124 1450 dieitur
1148 1389 1240 1450 fuisse
1268 1407 1326 1449 uon
1352 1409 1393 1448 ex
1423 1388 1488 1449 ciue
1514 1396 1604 1450 natus
1630 1390 1684 1467 (ita
1704 1390 1784 1450 enim
1807 1408 1878 1451 eum

273 1505 513 1585 Morgensternio
533 1504 597 1564 sine
618 1504 708 1565 dubio
727 1504 888 1583 legendum
910 1507 977 1579 221).
1011 1504 1111 1583 Atque
1130 1502 1257 1564 aPlinio
1279 1502 1328 1581 (H.
1341 1502 1377 1562 N.
1390 1505 1418 1577 5,
1432 1505 1473 1578 5.)
1492 1503 1642 1578 docemur,
1664 1523 1734 1564 eum
1745 1520 1878 1586 cumps·

273 1624 340 1682 troo
367 1619 518 1680 ciuitatem
544 1619 713 1679 obtinuisse.
758 1618 846 1689 Quod
872 1629 954 1693 sane,
975 1619 1000 1679 si
1021 1626 1109 1701 pater
1131 1618 1190 1679 iam
1210 1617 1360 1677 ciuitatem
1383 1617 1548 1691 habuisset,
1569 1618 1677 1678 fuisset
1696 1636 1877 1700 superuaca-

272 1736 370 1794 nedm.
415 1732 528 1792 Deinde
553 1740 635 1793 certe
661 1732 708 1792 hic
733 1733 771 1792 de
791 1731 1024 1795 Garamantibus
1051 1733 1246 1815 triumphauit
1266 1732 1376 1811 (Str-ab.
1393 1732 1421 1806 3,
1447 1733 1503 1794 169
1525 1753 1552 1814 p.
1575 1736 1642 1794 451.
1667 1716 1880 1807 81212.;82112.Ι

272 1847 321 1920 211,
339 1849 367 1908 7.
391 1845 465 1908 Plin.
479 1850 525 1924 o).
579 1846 751 1908 Pontificem
771 1848 884 1908 lactum
906 1865 974 1906 esse
994 1866 1091 1926 neque
1110 1847 1251 1908 maiorem
1271 1866 1368 1927 neque
1388 1846 1532 1907 minorem
1551 1852 1682 1920 eoustat;
1704 1848 1805 1929 itaque
1821 1866 1878 1910 cnr

275 1960 424 2022 Velleium
452 1980 570 2022 errasse
599 1970 752 2043 putemus,
779 1961 819 2022 nil
848 1981 972 2022 caussae
997 1968 1044 2022 est
1063 1962 1312 2040 (1122222222,
1331 1961 1471 2039 6111111.)
1518 1960 1579 2022 Sed
1598 1962 1677 2041 quod
1696 1981 1739 2023 ex
1757 1962 1877 2045 priuato

273 2075 436 2137 consularis
461 2077 558 2137 122122
586 2094 653 2136 esse
675 2075 783 2137 dicitnr
802 2080 883 2155 (nam
904 2076 947 2136 sie
967 2076 997 2136 in
1017 2077 1118 2137 codiee
1136 2077 1274 2155 legitur),
1301 2077 1498 2138 uehementer
1515 2077 1597 2137 uiros
1617 2078 1720 2138 doctas
1740 2077 1875 2139 uexauit

273 2191 316 2252 At
341 2209 481 2271 magnum
499 2210 569 2253 222
589 2192 728 2253 honorem
748 2192 889 2271 gessisse,
909 2211 949 2251 ex
971 2211 1007 2252 eo
1027 2211 1211 2271 consequens
1232 2201 1287 2265 est,
1309 2192 1388 2271 quod
1407 2211 1426 2253 a
1446 2191 1564 2252 Tiberio
1583 2192 1613 2252 in
1634 2198 1743 2253 senatu
1761 2192 1876 2274 primns

274 2304 452 2366 seutentiam
472 2304 832 2383 22112122(ὓὶ254,25.).
872 2304 937 2366 Nec
956 2314 1056 2367 tamen
1072 2325 1196 2366 neeesse
1216 2315 1264 2367 est
1282 2326 1349 2367 eum
1370 2306 1500 2388 Sauppio
1520 2308 1584 2369 163.
1605 2308 1755 2386 argutiam
1774 2306 1876 2369 nescio

273 2438 362 2499 quam
384 2419 577 2501 suspicemur.
619 2419 750 2499 Cogitari
778 2420 856 2480 enim
885 2420 971 2481 facile
996 2427 1109 2502 potest,
1140 2439 1209 2480 eum
1238 2421 1276 2482 ad
1297 2420 1524 2484 Garamantinm
1544 2422 1656 2482 bellum
1678 2440 1734 2504 pro
1753 2421 1874 2482 consule

274 2533 396 2593 missum
416 2554 493 2594 esse.
539 2534 587 2595 Ita
607 2535 750 2596 (1212222
772 2555 825 2616 pro
846 2541 985 2615 praetore
1004 2536 1035 2594 in
1055 2534 1189 2616 Cyprum
1212 2535 1335 2596 missum
1351 2555 1419 2595 esse
1437 2535 1566 2596 uidimus
1585 2535 1707 2614 (XIIII,
1727 2537 1789 2613 28.)
1824 2537 1874 2616 qui

273 2666 332 2708 non
360 2648 456 2708 minus
483 2668 522 2708 ex
550 2649 667 2730 priuato
688 2649 855 2730 praetorius
876 2649 973 2710 factus
993 2653 1055 2724 est,
1085 2668 1175 2729 quam
1196 2649 1221 2710 si
1242 2649 1356 2709 nullum
1377 2651 1467 2711 etiam
1487 2654 1558 2711 1222
1576 2651 1786 2730 magistratum
1806 2669 1875 2731 ges·

274 2761 425 2838 2122111).
470 2762 514 2822 112
540 2762 645 2823 itinere
666 2771 766 2824 22122
794 2763 894 2839 Balbi,
913 2772 1025 2824 temere
1057 2765 1095 2825 ad
1118 2763 1277 2824 Lentulum
1306 2766 1393 2838 sacto,
1414 2766 1517 2844 nequit
1537 2765 1679 2837 dubitari,
1705 2782 1875 2845 quanquam

273 2895 369 2956 221122
390 2897 409 2938 2
429 2877 574 2951 Caesare,
595 2877 645 2956 qni
663 2897 702 2936 ne
723 2878 821 2938 labem
841 2897 878 2939 ea
899 2897 932 2938 re
954 2879 1144 2939 contraheret
1162 2879 1295 2953 timebat,
1313 2897 1410 2958 neque
1429 2899 1448 2940 a
1468 2879 1571 2954 Dione,
1591 2880 1642 2959 qui
1662 2879 1825 2941 Caesarem
1845 2879 1875 2940 in

274 2990 423 3074 plerisque
446 2992 588 3071 nequitur,
611 3000 858 3053 commemoratur
875 2993 945 3070 (Cic.
968 2994 1007 3053 ad
1030 2994 1091 3053 Aa.
1113 2994 1139 3054 9.
1159 2992 1207 3065 32,
1227 2994 1276 3068 3.).

355 3104 427 3166 Post
434 3105 587 3167 uuintoniam
594 3107 632 3166 ad
640 3106 860 3186 Dyrrhachium
868 3113 1058 3189 reportatam,
1070 3126 1159 3186 quam
1167 3106 1245 3167 uiam
1252 3106 1410 3188 Pompeius
1417 3114 1602 3187 sequeretur,
1610 3108 1699 3169 ualde
1707 3108 1875 3170 dubitatum

274 3222 445 3297 2211511.)
479 3220 561 3281 Alios
581 3219 673 3299 igitur
692 3221 825 3281 hortatos
835 3239 902 3280 esse
914 3226 1017 3282 narrat
1031 3220 1174 3294 Velleius,
1195 3221 1269 3281 utin
1281 3221 1399 3282 Italiam
1411 3222 1532 3297 rediret,
1554 3223 1637 3297 alios,
1648 3228 1683 3282 ut
1693 3223 1805 3283 bellum
1816 3227 1877 3286 tra·

275 3335 372 3394 heret:
394 3335 447 3394 sed
467 3335 550 3395 illum
561 3355 615 3394 suo
629 3335 740 3416 impetu
752 3354 838 3394 usuro
852 3335 880 3394 in
892 3335 1076 3396 Thessaliam
1089 3335 1250 3396 Caesarem
1261 3354 1329 3395 esse
1340 3342 1537 3417 persecutum.
1571 3337 1706 3407 Quorum
1716 3337 1791 3398 illud
1805 3336 1877 3398 Vel·

276 3449 350 3509 leius
370 3449 596 3510 saluberrimum
619 3450 749 3509 ihtumm
772 3449 863 3510 luisse
885 3450 1062 3522 arbitratur,
1083 3450 1162 3529 quod
1181 3449 1211 3509 in
1230 3449 1295 3509 dies
1317 3449 1483 3511 exercitum
1503 3457 1654 3512 oraturum
1675 3471 1742 3512 esse
1760 3452 1877 3534 sperari

275 3563 412 3647 potuerit.
442 3548 523 3634 112111
545 3565 665 3625 autom?
688 3562 847 3645 Pompeius
867 3564 1008 3625 maiorem
1021 3564 1150 3626 Caesare
1172 3563 1338 3624 exercitum
1359 3564 1497 3640 habebat,
1519 3585 1616 3647 neque
1638 3568 1705 3629 erat
1724 3567 1751 3627 ei
1773 3570 1876 3649 optan-

274 3678 360 3753 dum,
389 3683 423 3739 ut
449 3678 550 3760 plures
578 3678 667 3739 ctiam
691 3678 848 3760 optimates
875 3680 914 3739 ad
942 3698 975 3738 se
997 3679 1138 3739 traheret.
1179 3656 1468 3739 Sed'debellandum
1489 3685 1556 3741 erat
1575 3700 1642 3740 oum
1658 3680 1789 3743 Caesare
1808 3700 1877 3764 par·

275 3792 378 3874 nique,
399 3794 492 3854 22221
511 3794 593 3855 initio
612 3793 716 3855 relicta
738 3794 845 3863 ltalia,
867 3795 1020 3868 intererat,
1041 3803 1142 3854 utrum
1163 3793 1192 3852 in
1213 3792 1342 3855 Graecia
1363 3813 1401 3853 an
1425 3794 1455 3853 iu
1476 3794 1564 3856 Italia
1581 3795 1787 3864 debellaretur
1808 3794 1876 3874 (Pe-

275 3909 500 3982 remeasse.
523 3910 575 3969 nir.
598 3909 788 4009 unmaunus
808 3910 843 3983 3,
868 3911 934 3969 5114.
966 3907 1180 3969 Mommsenius
1201 3909 1235 3982 3,
1255 3910 1322 3970 4113.
1346 3909 1422 3990 App.
1444 3908 1478 3967 B.
1500 3908 1531 3970 C.
1553 3910 1586 3983 2,
1606 3911 1652 3971 65.
1674 3908 1752 3970 Ρ121.
1772 3909 1875 3992 Pomp.

276 4022 324 4097 611,
345 4024 393 4097 4.).
433 4022 585 4104 Optimum
603 4021 696 4102 igitur
716 4023 874 4084 uidebatur
896 4023 1006 4083 bellum
1026 4024 1144 4083 ducere.
1190 4023 1278 4092 Quod
1298 4022 1405 4082 iecisse
1425 4022 1599 4105 Pompeium
1619 4027 1712 4104 negat
1730 4023 1876 4086 Velleius.

276 4136 337 4200 Sed
363 4142 394 4197 21
420 4155 543 4197 necesse
569 4143 650 4212 erat,
671 4136 831 4198 Caesarem
851 4138 881 4198 iu
900 4136 1085 4198 Thessaliam
1113 4137 1206 4216 sequi,
1232 4156 1271 4196 ne
1305 4137 1381 4198 forte
1407 4156 1501 4201 22222
1520 4139 1601 4198 uires
1622 4138 1808 4218 adquireret,
1836 4142 1876 4216 21,

276 4247 431 4311 Thessalia
452 4249 552 4332 petita,
572 4250 693 4311 dubium
714 4271 771 4312 non
791 4257 847 4324 est,
868 4251 952 4332 quin,
974 4252 1113 4325 Caesare,
1133 4251 1184 4332 qui
1206 4252 1303 4334 iuopia
1323 4254 1522 4334 premebatur,
1543 4251 1663 4334 saepius
1685 4253 1723 4313 ad
1743 4272 1878 4335 pugnam

277 4364 452 4438 lacessente,
477 4364 636 4448 Pompeius
663 4385 783 4448 semper
802 4384 932 4447 pugnam
953 4366 1179 4441 detrectarent,
1207 4368 1301 4427 donec
1321 4368 1359 4427 ab
1380 4367 1569 4448 optimatibus
1590 4386 1696 4428 manus
1717 4386 1878 4429 conserere

276 4485 435 4559 cogeretur
456 4479 528 4558 (Cic.
553 4479 653 4562 11127.
675 4481 703 4554 3,
724 4481 750 4540 2.
773 4480 851 4541 Ρ121.
874 4479 975 4563 Pomp.
996 4484 1044 4556 66,
1069 4485 1115 4554 1.).
1158 4482 1264 4562 Itaque
1286 4501 1387 4562 pugna
1402 4480 1692 4542 Pharsalicauictus
1711 4487 1766 4543 est.
1804 4481 1879 4545 Post

276 4593 429 4656 uictoriam
456 4595 624 4655 21122222
649 4615 706 4656 222
733 4594 880 4655 22221122
908 4603 955 4656 221
982 4597 1011 4656 12
1038 4597 1141 4658 ructes.
1181 4595 1268 4666 Quod
1297 4595 1347 4675 qui
1375 4614 1521 4674 generoso
1543 4596 1680 4657 Caesaris
1700 4597 1799 4658 animo
1820 4597 1877 4660 soli

275 4708 454 4784 attribuunt,
478 4729 580 4770 errare
606 4709 745 4769 uidentur
764 4709 854 4788 (Vell.
873 4710 899 4771 2.
922 4711 970 4784 52,
992 4712 1043 4785 5.).
1082 4709 1159 4771 Nam
1181 4709 1353 4783 Afranium,
1374 4710 1421 4770 cui
1442 4710 1536 4770 semel
1554 4709 1681 4790 ignouit,
1709 4711 1879 4792 122212212-

276 4822 371 4883 terllci
397 4823 497 4898 iussit,
525 4823 656 4885 Faustus
677 4823 776 4897 Sulla,
803 4823 853 4903 qui
877 4824 905 4884 21
930 4825 1088 4885 uidebatur
1113 4824 1318 4906 periculosior,
1340 4824 1537 4906 interemptus
1557 4830 1605 4886 est
1629 4824 1724 4900 (Suet.
1751 4824 1877 4889 12175.

277 4935 354 4999 Flor.
377 4938 404 4998 2.
431 4941 475 5012 13,
493 4939 563 5000 9111.
610 4938 717 5018 ltaque
744 4958 801 5000 nou
826 4939 895 5018 quia
922 4958 993 4999 uere
1013 4938 1141 5017 ignouit‚
1170 4939 1223 4998 sed
1251 4939 1320 5019 quia
1347 4939 1525 5020 contempsit
1551 4939 1717 5021 optimates,
1738 4958 1791 5001 eos
1810 4959 1880 5022 pen

376 5108 418 5165 η)
439 5108 543 5158 Prorsus
560 5107 662 5160 inutilia
679 5111 745 5169 2221,
764 5123 827 5172 qaue
845 5107 876 5158 de
894 5107 969 5158 Balbi
985 5107 1087 5158 maioris
1105 5109 1160 5159 uita
1176 5108 1318 5172 neglegenti
1336 5108 1396 5159 stilo
1414 5109 1528 5160 exarauit
1542 5109 1669 5171 11122112,
1687 5107 1747 5160 diss.
1766 5108 1799 5159 ad
1810 5110 1882 5162 cies

278 5191 345 5242 roais
365 5192 503 5244 orationem
523 5210 569 5261 pro
591 5192 669 5244 balbo
689 5193 729 5258 (L.
750 5193 779 5244 B.
803 5195 876 5246 1318.
895 5209 919 5259 p.
938 5193 1041 5255 9·13.),
1061 5194 1104 5258 qui
1122 5194 1214 5245 Balbos
1233 5193 1269 5245 ita
1287 5195 1432 5259 confundit,
1451 5201 1480 5246 ut
1497 5196 1587 5246 maiori
1605 5194 1721 5259 adsignet
1740 5195 1880 5263 theatrum,

275 5276 344 5344 qnod
363 5279 620 5345 12122221122221,
641 5279 732 5331 minori
751 5296 767 5330 a
785 5280 888 5331 'liberio
904 5281 985 5331 honor
1002 5280 1040 5335 fit.
