4320 5902
1004 573 1102 655 ,15

375 747 422 810 Ao
441 748 569 831 primum
594 748 724 828 quidem,
741 755 900 830 postquam
920 746 951 807 in
963 749 1110 809 Armenia
1125 747 1245 810 uirtutis
1266 733 1416 830 specimen
1437 748 1595 826 85151112),
1615 749 1654 810 85
1675 749 1786 810 bellum
1802 749 1880 810 Rae

275 864 368 926 ticum
395 864 504 924 missus
531 866 580 923 881
595 861 733 924 Tiberius
755 863 994 946 (1118512118.
1017 862 1151 929 291858
1178 867 1318 945 Τιβέριον
1344 866 1614 943 reconcinnarier),
1636 884 1694 925 nou
1720 884 1778 945 quo
1799 863 1882 947 88188

274 979 376 1060 copias
396 979 522 1038 duceret
544 978 705 1039 adiuuante
722 977 820 1039 Druso
836 979 896 1057 (95,
914 981 973 1054 ct),
999 978 1053 1039 sed
1079 983 1114 1040 81
1139 981 1266 1058 uterque
1299 978 1423 1040 seorsim
1449 978 1518 1040 illas
1544 979 1682 1059 regiones
1705 979 1878 1039 incurreret

273 1094 412 1176 Agrippa
432 1093 540 1154 deinde
558 1095 675 1154 mortuo
698 1093 759 1171 (96,
779 1095 820 1174 1.)
842 1093 1023 1155 0818818888
1044 1093 1195 1168 Tiberium
1215 1094 1336 1169 Iuliam,
1357 1094 1511 1176 Agrippae
1531 1095 1661 1168 uiduam,
1682 1075 1716 1153 iu*
1732 1093 1881 1154 matrimo

275 1209 358 1269 nium
384 1209 506 1269 ducere*
521 1182 622 1284 iussit,
651 1208 757 1269 eodem
786 1212 887 1269 autem
913 1214 1048 1289 tempore
1070 1207 1164 1270 Gaius
1184 1213 1217 1268 et
1235 1207 1345 1269 Lucius
1366 1210 1404 1269 ab
1427 1211 1566 1288 Augusto
1588 1208 1721 1291 adoptati
1741 1209 1879 1281 888111).

275 1322 333 1384 1118
353 1321 546 1385 188181888818·
558 1323 629 1403 quid
646 1323 829 1404 spectauerit
847 1323 1013 1402 Augustus,
1031 1342 1089 1384 uon
1109 1322 1303 1403 intellegitur,
1323 1325 1349 1385 si
1370 1342 1442 1384 uere
1458 1323 1609 1384 Tiberium
1630 1343 1699 1383 eum
1718 1323 1816 1384 odisse
1828 1342 1881 1406 pu·

276 1443 330 1499 tas.
371 1438 479 1518 Itaque
500 1436 652 1498 Hoeckius
670 1438 709 1516 (2,
732 1438 789 1515 16.)
809 1436 912 1498 Liuiae
932 1436 1087 1498 calliditati
1104 1437 1178 1498 illud
1199 1439 1335 1500 attribuit
1357 1438 1441 1511 (Tac.
1464 1458 1530 1499 ann.
1550 1441 1575 1514 1,
1600 1440 1645 1500 19.
1667 1438 1723 1499 Dio
1742 1440 1794 1512 54,
1811 1439 1880 1515 31).

277 1553 345 1623 Qua
365 1572 399 1613 re
416 1552 567 1614 Tiberium
588 1552 631 1612 nil
650 1552 747 1634 ipsum
767 1551 898 1612 noluisse
915 1555 1048 1612 statuere
1066 1552 1191 1631 cogitur,
1211 1552 1319 1634 quippe
1343 1553 1391 1632 qni
1412 1572 1538 1613 uxorem
1558 1553 1697 1613 dilectam
1709 1552 1882 1627 dimitteret,

275 1689 414 1753 perosam
434 1670 538 1731 matris
558 1669 641 1730 iussu
662 1669 804 1729 duceret*
835 1667 940 1748 Neque
964 1674 1063 1729 tamen
1085 1668 1233 1749 quemad
1255 1668 1384 1742 modum,
1406 1668 1484 1728 Iulia
1501 1669 1600 1743 ducta,
1623 1669 1672 1728 uia
1695 1668 1734 1728 ad
1755 1685 1882 1746 reguum

276 1788 408 1869 patuerit
428 1787 502 1849 satis
520 1786 706 1869 perspicitur.
724 1770 815 1847 'cum
835 1785 914 1844 enim
931 1784 1101 1865 impuberes
1122 1784 1212 1845 etiam
1229 1788 1299 1844 tunc
1313 1782 1407 1845 Gaius
1430 1788 1462 1844 et
1475 1782 1583 1844 Lucius
1602 1783 1695 1843 multo
1709 1789 1776 1864 post
1797 1780 1882 1842 Tibe-

277 1903 353 1963 rium
380 1901 538 1964 morituros
566 1919 635 1963 esse
661 1899 814 1983 probabile
842 1899 1011 1974 uideretur,
1048 1899 1143 1961 omnis
1169 1919 1239 1983 spes
1256 1899 1359 1961 Liuiae
1387 1900 1417 1960 in
1444 1909 1538 1960 morte
1559 1919 1660 1961 eorum
1682 1899 1764 1960 181811
1786 1898 1883 1980 posita

276 2026 349 2079 erat.
393 2016 491 2086 Quam
513 2017 539 2076 si
560 2020 632 2077 1888
651 2016 710 2076 iam
731 2013 917 2089 moliebatur,
936 2014 1038 2075 inutile
1060 2020 1127 2076 erat
1146 2015 1373 2077 matrimonium.
1431 2014 1509 2076 Nam
1531 2014 1673 2096 Agrippia
1692 2013 1816 2075 mortuis
1835 2011 1883 2073 Ti·

276 2133 376 2194 berius
394 2137 461 2193 erat
480 2132 562 2192 solus
582 2129 718 2204 relictus,
737 2130 767 2190 18
789 2148 877 2209 quern
898 2148 1024 2208 regnum
1046 2130 1168 2190 cederet
1189 2131 1252 2206 (cl'r.
1276 2130 1366 2191 etiam
1386 2129 1522 2191 Norisius
1545 2127 1659 2206 9911).

380 2247 522 2308 Secutum
543 2249 592 2306 est
611 2245 724 2306 bellum
748 2221 958 2317 Pannonicum,
981 2262 1021 2304 ex
1042 2264 1100 2324 quo
1120 2263 1213 2305 ouans
1233 2245 1338 2304 urbem
1361 2243 1497 2316 Tiberius
1518 2244 1697 2320 intrauit⁶⁴)
1720 2242 1811 2322 (Vell.
1831 2242 1880 2316 97,

277 2364 304 2425 3.
328 2362 410 2423 Suet.
432 2361 475 2422 Ti.
495 2361 522 2421 9.
543 2360 598 2421 Dio
617 2361 667 2434 55,
686 2361 741 2437 2.),
770 2365 859 2440 atque
887 2364 955 2442 post
974 2360 1050 2421 Lolli
1077 2360 1194 2421 cladem
1211 2360 1359 2440 Drusique
1386 2368 1512 2422 mortem
1533 2360 1644 2420 bellum
1668 2376 1784 2439 quoque
1807 2356 1881 2419 Ger·

277 2479 425 2538 manicam
446 2477 473 2537 ei
493 2477 667 2538 mandatum
690 2485 744 2537 est.
787 2476 897 2537 Mirum
917 2480 1016 2538 autem
1036 2482 1092 2550 est,
1113 2495 1132 2537 a
1151 2477 1268 2536 nemine
1291 2475 1440 2536 Velleium
1460 2475 1633 2556 uituperari,
1654 2473 1732 2553 quod
1751 2473 1882 2532 Drusum

277 2594 337 2672 (37,
359 2593 463 2669 21118
485 2592 634 2666 laudauit,
662 2598 697 2653 ut
716 2591 770 2651 uix
790 2591 841 2651 illo
860 2591 956 2652 maius
978 2588 1139 2672 quidquam
1160 2591 1226 2651 fieri
1246 2610 1333 2673 posse
1357 2592 1502 2652 uideatur.
1552 2590 1615 2651 Neo
1638 2595 1738 2650 tamen
1758 2588 1808 2648 ille
1830 2590 1883 2647 aut

278 2710 391 2770 maiora
416 2709 497 2769 bella
529 2709 625 2787 gessit
644 2713 697 2770 aut
712 2708 741 2768 18
761 2727 835 2789 8888
852 2708 1048 2769 excellentior
1069 2707 1140 2782 1811,
1169 2708 1225 2768 8181
1244 2709 1320 2769 18818
1343 2708 1546 2768 restituendae
1569 2706 1680 2766 liberae
1703 2702 1883 2785 reipublicae

278 2825 431 2886 consilium
459 2825 632 2903 sagacitatis
661 2824 814 2886 cuiusdam
843 2823 995 2906 politicae,
1021 2843 1097 2904 quae
1119 2824 1239 2898 dicitur,
1267 2822 1467 2884 testimonium
1488 2821 1580 2881 fuisse
1601 2819 1730 2901 opinaris
1752 2816 1833 2895 (Tac.
1857 2818 1883 2890 l,

219 2991 220 2994 ,
278 2942 325 3003 32.
346 2941 374 3014 2,
396 2940 442 3002 82.
467 2940 635 3001 Sieuersius
659 2943 684 3014 1,
705 2940 753 3017 9.).
802 2938 1017 3021 Expeditiones
1034 2944 1138 3001 autem
1158 2939 1258 3000 Tiberi
1279 2938 1474 3002 Gennanicas
1492 2958 1511 2999 a
1531 2936 1649 2997 Velleio
1670 2934 1800 2996 maxime
1819 2934 1881 2994 lau·

278 3056 365 3117 datas
391 3055 502 3115 nullius
526 3055 667 3115 momenti
693 3055 785 3115 1181888
812 3055 952 3116 adfirmat
974 3055 1126 3117 Hoeckius
1150 3056 1189 3134 (2,
1210 3056 1278 3132 32).
1325 3055 1385 3117 Sed
1413 3074 1467 3114 cur
1488 3055 1645 3131 Augustus
1673 3055 1795 3133 propter
1816 3049 1882 3110 illae

277 3171 359 3252 ipsas
383 3170 591 3252 expeditiones
615 3175 647 3230 81
676 3171 885 3252 imperatorem
907 3172 1053 3253 adpellari
1072 3171 1194 3231 iusserit
1215 3170 1366 3231 Tiberium
1389 3174 1420 3229 81
1443 3168 1649 3250 1818885815)
1670 3185 1738 3225 eum
1760 3166 1883 3225 honora·

381 3360 423 3420 ⁸²)
443 3356 492 3408 Sed
516 3356 742 3420 8881818888588,
769 3358 871 3408 818811
889 3358 1003 3409 Velleius
1024 3360 1073 3421 94,
1093 3360 1125 3423 2.,
1150 3357 1333 3423 aedTigranea
1354 3358 1380 3407 18
1400 3373 1477 3422 regno
1496 3357 1648 3408 conlocatur.
1685 3352 1753 3407 1188.
1774 3354 1881 3415 81885,

279 3442 663 3511 ·15.Ζ88881188855.1.95
684 3443 785 3494 Tacitus
804 3459 861 3496 ann.
874 3447 905 3506 2,
926 3446 950 3498 3.
989 3447 1136 3510 Quanquam
1153 3451 1238 3496 881888
1257 3445 1362 3495 minoris
1381 3444 1500 3495 momenti
1519 3444 1581 3492 hauc
1599 3441 1781 3508 expeditionem
1805 3439 1881 3489 181888

278 3511 678 3595 Hoeckius2,45⁴..adflrmat,
705 3530 932 3594 8181898881
956 3527 1079 3601 ἐπράχθη
1097 3533 1152 3596 μὲν
1172 3526 1252 3582 ovdev
1269 3533 1315 3594 τῆς
1303 3546 1496 3624 8888888888
1515 3526 1560 3588 ιῖξι
1551 3547 1642 3578 ιον-
1662 3523 1677 3579 ὁ
1695 3530 1745 3594 μὲν
1767 3528 1883 3594 Τιβέριος
1994 3551 1997 3556 ·

279 3620 308 3666 ἐκ
324 3615 431 3668 τούτων
448 3619 602 3687 ἐγαυροῦτο,
620 3616 803 3668 adulescentiae
820 3618 913 3669 elatum
932 3619 1043 3670 animum
1062 3617 1252 3670 condonandum
1271 3624 1333 3686 puto
1351 3606 1416 3668 esses

379 3724 421 3784 ⁶¹)
442 3720 879 3772 118818188795.881811818885ι8
901 3724 1354 3786 θ81888881158888....1).,18888888
1366 3726 1507 3786 8888888118
1516 3725 1566 3772 θαι·
1577 3732 1600 3772 ιι
1615 3725 1677 3771 Lari
1683 3721 1883 3783 praenominibus

278 3813 441 3872 adoptnn'erat
459 3808 553 3872 conligi
566 3825 639 3875 88888
657 3808 706 3859 8151
724 3809 792 3860 81888
809 3813 856 3871 881,
873 3809 926 3859 8118
942 3815 1016 3860 88188
1034 3810 1069 3860 818
1083 3810 1244 3876 praenomina
1252 3810 1330 3861 181888
1342 3811 1395 3874 (96,
1411 3811 1443 3874 1.)
1461 3808 1698 3860 Mutabauturenim
1709 3807 1735 3856 in
1748 3805 1882 3872 adoptione

277 3895 452 3962 praenomina3
476 3894 550 3945 818811
573 3894 600 3944 18
618 3896 648 3946 Ρ.
666 3894 782 3962 Scipione
807 3895 1028 3960 animaduertitur,
1058 3898 1102 3961 qui
1119 3912 1134 3946 a
1154 3896 1249 3954 Quinto
1270 3897 1374 3947 Metello
1392 3895 1526 3963 adoptatus
1546 3898 1576 3953 Q.
1597 3896 1716 3946 Metellus
1735 3893 1819 3960 Scipio
1838 3892 1881 3943 ad-

277 3982 387 4050 pellatus
405 3988 450 4032 881.
487 3982 648 4034 (1881881118
672 3982 735 4032 haee
760 3982 797 4033 818
819 3983 981 4049 praenomina
1003 3983 1080 4034 181888
1106 3983 1156 4033 ianr
1182 3987 1395 4033 8818818818188ε
1416 3986 1458 4047 54,
1480 3986 1510 4036 8:
1530 3980 1589 4033 υἱὸν
1606 3970 1686 4032 aion
1704 3977 1719 4031 ὁ
1737 3977 1883 4051 Ἀγρίππας

277 4063 396 4120 58811888
414 4067 464 4121 τὸν
483 4067 603 4121 Λούκιον
626 4064 823 4136 ὀνομασθέντα.
860 4070 948 4136 Itaque
967 4070 1051 4121 Vellei
1073 4071 1150 4121 uerba
1173 4069 1211 4120 ita
1235 4069 1299 4120 mihi
1322 4070 1491 4132 intellegenda
1508 4070 1639 4120 uidentur:
1668 4071 1760 4120 Caesar
1776 4085 1818 4118 eoa
1837 4068 1880 4118 ad-

278 4159 376 4224 optauit
399 4159 473 4225 inquo
492 4158 571 4224 ipsius
586 4173 682 4209 nomen
695 4155 803 4208 85881811
819 4157 864 4221 118,
883 4162 1015 4207 utcontra
1034 4157 1204 4209 118888888888
1222 4156 1426 4209 88888818518888
1446 4157 1552 4224 pristina
1570 4158 1732 4224 praenomina
1751 4157 1817 4207 lulio
1836 4172 1880 4206 8ο-

278 4247 340 4296 mini
357 4253 529 4312 praeponeret,
548 4244 644 4296 scilieet
663 4249 723 4312 quia
740 4248 787 4299 illa
802 4246 858 4314 ipsa
875 4247 901 4296 in
920 4252 994 4311 gente
1012 4247 1078 4298 18118
1096 4253 1180 4299 888881
1198 4247 1370 4298 usitatissima.
1495 4231 1499 4240 ¹

385 4351 427 4415 ⁸⁴)
447 4351 595 4400 inchoatum
620 4349 831 4411 dieiturbellum
856 4355 967 4416 Aprtppn
995 4357 1068 4416 51888
1097 4357 1193 4404 Vinicio
1216 4372 1265 4405 cos.
1301 4352 1416 4403 Correxit
1432 4351 1549 4417 Lipsius,
1576 4367 1649 4416 quern
1676 4350 1883 4417 sequiturRuhn-

279 4436 366 4488 1888188
388 4441 550 4501 851881888
570 4442 604 4492 M.
627 4442 723 4490 Vinicio
743 4457 789 4491 coa.
833 4438 882 4490 Sed
900 4453 956 4489 cum
980 4455 1002 4489 a.
1024 4442 1063 4491 19.
1084 4441 1222 4506 Agrippam
1246 4440 1297 4490 alio
1322 4440 1377 4490 loco
1401 4445 1524 4490 moratum
1543 4455 1596 4489 esse
1616 4440 1762 4504 nullumque
1780 4437 1881 4487 omnino

279 4525 448 4575 Pannonicum
474 4524 568 4575 bellum
588 4525 666 4577 181888
684 4531 781 4576 8888181
797 4526 933 4593 (Sauppius
954 4525 1085 4591 191**)),
1109 4527 1162 4578 sine
1178 4527 1256 4578 dubio
1275 4542 1331 4577 cum
1349 4526 1446 4576 Haaaio
1465 4525 1621 4577 scribendum
1639 4531 1694 4577 est:
1721 4530 1753 4575 ab
1771 4529 1883 4589 Annppa

280 4615 352 4673 11888
373 4601 510 4662 Vino-io...
527 4617 659 4664 ammian.
679 4643 713 4651 -
739 4615 797 4664 Non
820 4619 885 4664 reete
909 4619 993 4664 autem
1020 4614 1146 4681 Sauppius
1160 4616 1217 4667 151.
1238 4613 1360 4665 Velleium
1382 4613 1564 4679 reprehendere
1582 4613 1697 4679 uidetur,
1722 4613 1788 4678 quod
1807 4612 1883 4663 Drusi

280 4697 451 4764 expeditiones
474 4704 533 4766 post
550 4699 636 4754 Tiberi
650 4701 804 4751 ,ouationem
826 4699 922 4754 retulit.
959 4703 1025 4751 Nam
1049 4700 1104 4768 ipse
1122 4701 1234 4752 Velleius
1257 4700 1333 4760 51811,
1358 4704 1505 4752 durantibus
1523 4705 1670 4752 Pannonicis
1689 4705 1759 4751 bellis
1774 4701 1884 4751 Drusum

281 4785 417 4838 Germanis
435 4785 528 4837 bellum
548 4785 664 4839 intulisse
681 4790 734 4853 (97,
758 4787 799 4852 1.).
836 4787 909 4845 Quod
936 4804 995 4838 uero
1020 4787 1132 4839 diuersas
1149 4790 1176 4838 in
1194 4787 1324 4839 Pannonia
1342 4786 1512 4855 expeditiones
1529 4788 1555 4838 in
1575 4805 1649 4839 unam
1669 4792 1768 4838 uidetur
1787 4794 1884 4838 contra·

280 4871 355 4936 xisse,
376 4872 403 4922 id
423 4889 474 4924 non
491 4889 522 4925 ex
539 4876 696 4940 neglegentia
715 4875 876 4942 repetendum
892 4882 939 4938 est,
958 4876 1002 4926 sed
1018 4892 1048 4927 ex
1065 4875 1196 4927 breuitatis
1215 4874 1308 4940 studio,
1327 4875 1406 4926 maius
1425 4893 1487 4943 opus
1506 4861 1645 4953 molientis;
1664 4876 1708 4927 818.
1727 4877 1770 4937 96,
1789 4877 1814 4927 3.

389 4977 431 5039 “l
449 4979 564 5030 Alterum
591 4981 657 5031 buno
682 4980 840 5047 triumphurn
865 4981 942 5033 181888
964 4981 1026 5032 51811
1044 4980 1156 5033 Velleius
1179 4983 1204 5048 (5
1222 4983 1272 5042 1.1;
1291 4981 1420 5033 Hoeckius
1437 4981 1590 5033 adulationis
1609 4998 1666 5032 eum
1685 4981 1733 5033 hac
1751 4981 1781 5032 de
1799 4996 1887 5032 caussa

281 5074 380 5118 8888881
405 5068 507 5132 (satu
530 5077 617 5119 888188
639 5068 704 5120 enim
728 5068 796 5119 hune
818 5068 927 5134 primurn
952 5069 1109 5135 triumphurn
1131 5068 1208 5119 181888
1230 5085 1317 5120 nerum
1341 5067 1479 5122 adseuerat.
1525 5071 1561 5119 nt
1582 5070 1668 5121 enutio
1696 5069 1718 5119 81
1744 5085 1791 5118 888
1810 5085 1885 5120 uerus

282 5154 426 5221 triumphus
450 5160 515 5218 erat,
545 5161 612 5206 88818
634 5161 687 5206 erat
710 5155 866 5221 triumphus,
896 5156 933 5207 uti
952 5155 1018 5206 inter
1036 5172 1121 5207 omnes
1140 5162 1243 5210 8888181,
1271 5155 1887 5223 8181881888858881.1188158858-

280 5257 346 5305 mus,
365 5245 397 5294 A.
418 5243 449 5294 R.
471 5245 502 5306 2,
523 5245 587 5293 124:
690 5258 717 5293 88
742 5243 833 5294 88181811
850 5241 895 5292 der
912 5242 1025 5294 18155888
1042 5242 1116 5293 8188
1140 5241 1324 5308 8888188888,
1345 5249 1399 5293 881
1422 5258 1487 5293 von
1508 5236 1689 5311 triumphe,
1718 5244 1811 5296 welche
1828 5262 1886 5298 man

280 5329 367 5380 888118
385 5332 504 5384 888818.“
