4290 5902
1034 542 1082 616 28

262 705 402 768 Maxima
421 710 522 767 autem
541 709 607 767 erat
626 725 678 781 ea,
703 725 763 786 qua
783 706 894 782 omnia,
918 726 994 787 quae
1013 707 1044 767 in
1063 707 1137 768 Asia
1157 705 1315 788 Pompeius
1335 705 1516 779 instituerat,
1544 723 1563 765 a
1584 704 1692 786 populo
1713 710 1780 766 rata
1797 713 1868 766 sunt

267 819 376 880 habita.
418 819 487 890 Qua
504 820 572 900 lege
593 840 771 900 quamquam
791 819 932 904 Pompeio
954 820 1066 885 Caesar
1087 821 1159 883 satis
1180 820 1331 882 commode
1350 819 1505 893 succurrit,
1525 827 1626 880 tamen
1645 818 1688 878 nil
1706 819 1809 898 magni
1828 838 1867 881 ea

267 932 425 1015 Pompeius
445 938 620 996 consecutus
640 941 695 997 est.
742 936 861 998 Etenim
882 935 939 997 nisi
958 955 1034 1017 quae
1054 935 1084 996 in
1103 936 1177 997 Asia
1199 937 1313 996 fecerat
1333 933 1599 1008 confirmabantur,
1619 931 1794 1014 Pompeius,
1815 933 1866 1014 qui

269 1049 307 1109 de
327 1052 389 1110 toto
409 1056 558 1111 terrarum
577 1052 649 1112 orbe
667 1051 876 1133 triumphauit,
898 1070 916 1112 a
939 1049 1052 1112 Senatu
1070 1070 1192 1132 pessum
1211 1050 1300 1110 dabis
1320 1049 1444 1110 iacebat
1487 1047 1599 1111 Contra
1618 1048 1643 1108 si
1657 1047 1780 1110 Caesari
1795 1047 1867 1111 Gal·

268 1162 327 1224 liae
356 1182 514 1225 concessae
538 1184 597 1227 non
626 1169 742 1241 essent,
777 1166 904 1226 formae
929 1164 1018 1226 aliam
1044 1183 1145 1226 rerum
1175 1164 1306 1247 potiundi
1330 1164 1411 1224 11111
1431 1162 1700 1244 circumspexisset
1743 1162 1869 1224 Omnino

269 1282 369 1338 autem
389 1279 424 1354 is,
445 1279 496 1358 qui
518 1280 649 1340 nondum
666 1280 706 1341 ad
726 1279 840 1359 gloriae
851 1278 1003 1359 fastigium
1014 1280 1221 1356 adscenderat,
1242 1279 1359 1342 omniaa
1373 1279 1470 1340 ndens
1483 1279 1596 1340 nonita
1608 1298 1718 1358 magna
1728 1279 1867 1339 audebat

269 1392 355 1453 Idem
374 1393 404 1453 in
425 1413 515 1473 agros
536 1395 624 1470 cadit,
645 1395 796 1456 ueteranis
818 1394 1027 1474 adsignandos.
1075 1394 1180 1475 Neque
1200 1395 1279 1455 enim
1298 1402 1360 1456 tam
1380 1395 1532 1457 commodo
1552 1393 1673 1476 Pompei
1696 1394 1866 1475 postulaba-

270 1512 328 1582 tur,
348 1513 382 1568 ut
402 1509 510 1570 milites
531 1508 595 1570 eins
614 1529 703 1589 agros
724 1510 883 1592 promissos
903 1510 1080 1591 acciperent,
1100 1529 1189 1591 quarn
1207 1510 1273 1591 ipsa
1285 1528 1343 1589 qua
1355 1510 1508 1589 gaudebat
1517 1508 1745 1570 existimatione.
1779 1508 1865 1579 Quae

270 1640 338 1682 oum
366 1622 408 1683 ita
427 1623 501 1697 siut,
529 1623 615 1684 facile
635 1623 821 1703 intellegitur
840 1643 945 1685 uerum
962 1644 1047 1700 esse,
1076 1626 1154 1705 quod
1175 1643 1266 1707 supra
1283 1624 1427 1696 diximus,
1453 1623 1592 1706 Pompeio
1613 1624 1655 1684 nil
1673 1644 1692 1685 a
1711 1623 1770 1684 III.
1793 1623 1866 1685 uiris

270 1754 443 1796 concessum
465 1755 553 1812 esse„
562 1741 772 1819 praeterquam
790 1738 869 1818 quod
889 1758 1013 1800 necesse
1029 1740 1190 1815 uideretur,
1210 1744 1245 1801 ut
1265 1740 1304 1800 ad
1325 1740 1510 1800 adiuuandos
1527 1739 1658 1819 collegas
1673 1739 1746 1801 satis
1757 1740 1867 1800 uirium

271 1851 422 1912 retineret.
464 1852 524 1913 Sed
553 1852 641 1914 aliter
669 1872 719 1913 res
740 1871 773 1913 se
789 1853 927 1929 haberet,
959 1854 984 1914 si
1004 1853 1162 1936 Pompeius
1182 1873 1240 1915 uon
1261 1864 1416 1934 exaequo
1435 1873 1502 1915 cum
1525 1854 1654 1917 Caesare
1673 1855 1795 1916 consule
1815 1854 1870 1914 de·

271 1965 388 2045 signato
407 1966 528 2046 egisset,
552 1967 607 2028 sed
627 1986 695 2028 eum
716 1969 841 2051 priuato,
860 1969 911 2049 qui
931 1970 970 2030 ad
994 1970 1180 2031 consulatum
1199 1969 1291 2051 ipsius
1313 1969 1424 2030 auxilio
1445 1969 1665 2051 pramouendus
1684 1974 1773 2030 esset

1015 2274 1123 2337 xlm.

371 2434 418 2495 De
438 2434 587 2497 Ciceronis
607 2435 786 2517 Catonisque
809 2436 915 2498 exsilio
941 2436 1000 2497 iam
1028 2454 1119 2516 supra
1137 2435 1225 2514 (IIII,
1250 2438 1306 2515 ll.)
1333 2437 1363 2497 in
1382 2441 1555 2497 transcursu
1576 2435 1686 2496 dictum
1708 2440 1762 2497 est.
1804 2435 1867 2497 Res

272 2556 373 2611 autem
394 2569 413 2610 a
432 2548 549 2612 Velleio
570 2550 613 2612 ita
631 2555 786 2627 narratur,
814 2557 849 2613 ut
868 2552 962 2613 maior
981 2549 1130 2613 Ciceronis
1151 2549 1246 2610 uirtus
1268 2555 1300 2611 et
1318 2550 1459 2632 potentia,
1480 2569 1569 2629 quam
1589 2568 1661 2610 uere
1682 2549 1746 2624 fuit,
1767 2549 1868 2611 uidea-

273 2668 323 2724 tur
343 2666 462 2742 (45,1.).
507 2664 618 2728 Contra
638 2665 760 2728 Clodius
779 2672 861 2727 recte
881 2665 1066 2727 describitur.
1104 2665 1247 2724 Attamen
1269 2684 1323 2726 eae
1344 2665 1427 2744 leges
1443 2684 1502 2726 non
1522 2669 1743 2739 enumerantur,
1761 2664 1868 2744 quibus

272 2778 413 2860 populum
439 2779 494 2840 sibi
521 2780 672 2841 deuincire
692 2781 806 2842 studuit
827 2781 893 2861 (Dio
913 2782 961 2856 38,
986 2781 1030 2842 13.
1056 2782 1121 2856 14.)
1163 2779 1189 2840 Ε
1230 2784 1326 2854 16616,
1351 2780 1376 2840 si
1396 2780 1480 2859 leges
1500 2799 1537 2841 ea
1556 2786 1680 2861 propter
1698 2780 1778 2840 latae
1800 2797 1868 2840 esse

274 2892 420 2968 dicuntur,
438 2898 473 2954 ut
492 2913 528 2955 eo
548 2894 640 2956 tutius
660 2896 848 2977 priuilegium
868 2896 898 2956 in
912 2895 1083 2959 Ciceronem
1103 2895 1294 2976 perterretur.
1338 2893 1415 2955 Nam
1436 2894 1497 2970 lex,
1517 2913 1576 2975 qua
1588 2894 1692 2956 Cicero
1712 2895 1786 2955 urbe
1806 2913 1868 2956 mo·

273 3013 322 3069 1116
342 3013 403 3083 est,
424 3028 482 3069 161
502 3029 580 3071 noua
601 3015 682 3085 erat,
702 3012 756 3071 sed
777 3030 990 3093 saepenumero
1011 3009 1070 3070 iam
1093 3009 1228 3090 repetita.
1270 3008 1372 3071 Cicero
1393 3013 1494 3070 autem
1516 3008 1621 3070 scilla
1643 3009 1705 3091 peti
1725 3009 1867 3084 sentiens,

273 3123 386 3205 ipsese
406 3124 566 3199 accusauit,
588 3144 655 3186 cum
676 3126 758 3208 pulla
778 3131 863 3186 ueste
885 3125 1005 3185 indutus
1027 3124 1187 3186 Caesarem
1208 3123 1437 3205 Pompeiumque
1452 3124 1633 3206 supplicaret
1656 3122 1781 3203 (Dio38,
1802 3125 1868 3202 14.)

273 3236 377 3317 Neque
403 3258 475 3299 uero
495 3243 543 3300 est
562 3239 699 3315 dubium,
730 3240 801 3320 quin
818 3240 953 3313 Clodius,
984 3239 1015 3299 ni
1032 3238 1145 3301 Caesar
1163 3238 1335 3299 moderatus
1356 3245 1451 3313 esset,
1484 3258 1542 3299 non
1564 3239 1632 3318 lege
1652 3258 1721 3298 eum
1742 3237 1870 3320 petierit,

274 3353 328 3412 sed
354 3354 549 3415 accusatione.
586 3353 756 3416 Beuocatus
780 3358 880 3415 autem
911 3360 958 3414 est
976 3353 1079 3416 Cicero
1105 3354 1184 3413 intra
1210 3353 1359 3413 biennium
1380 3354 1408 3433 (ς
1419 3354 1467 3429 3.).
1509 3351 1587 3413 Nam
1613 3356 1744 3413 exeunte
1765 3370 1868 3412 meuse

273 3465 382 3528 Martio
403 3468 453 3528 uel
472 3469 629 3551 incipiente
648 3470 745 3551 Aprili
766 3489 791 3531 a.
813 3469 879 3532 696.
907 3469 1004 3530 Roma
1025 3468 1116 3529 cessit
1133 3469 1183 3548 (ad
1203 3469 1266 3528 Att
1288 3469 1316 3542 3,
1337 3468 1472 3545 2.),161.
1493 3466 1577 3529 Sext.
1599 3486 1626 3529 a.
1645 3468 1711 3530 697.
1734 3467 1784 3546 (ad
1804 3468 1868 3528 Att.

273 3582 301 3641 4.
327 3585 351 3657 1,
369 3585 413 3660 4.)
435 3583 561 3645 Romam
582 3584 783 3666 proficiscitur,
803 3588 838 3644 ut
856 3583 944 3644 XVI.
967 3603 1085 3643 menses
1105 3583 1241 3644 abfuerit.

374 3697 447 3760 Cato
475 3704 575 3760 autem
600 3698 751 3760 honorifici
775 3698 919 3759 ministeri
937 3698 1023 3759 titulo
1044 3698 1178 3779 Cyprum
1200 3696 1308 3757 missin
1329 3701 1385 3769 est,
1411 3701 1446 3756 ut
1464 3694 1668 3757 Ptolemaeum
1688 3715 1782 3775 regno
1805 3714 1872 3777 spo

273 3813 360 3874 liaret
380 3813 556 3894 dirutiasque
577 3812 641 3874 cius
657 3812 783 3874 Romam
806 3815 1029 3895 transportaret.
1068 3813 1180 3872 Missus
1202 3816 1302 3873 autem
1323 3811 1430 3872 dicitur
1452 3822 1597 3895 quaestor·
1610 3833 1678 3872 cam
1696 3811 1765 3872 iure
1775 3833 1870 3894 prce·

275 3929 361 3991 torio.
403 3928 471 3999 Qua
500 3929 530 3989 in
556 3949 589 3989 16
609 3928 743 3990 Puteauo
765 3929 830 3992 802.
852 3928 1027 4004 „interdum
1048 3927 1130 3988 uenit
1149 3928 1179 3987 in
1200 3932 1345 4001 mentem,
1371 3924 1469 3985 Vellei
1489 3924 1673 4003 diligentiam
1690 3925 1872 4004 requirere.“

273 4039 391 4123 Lipsius
411 4047 510 4103 autem
524 4045 734 4129 quaestoriam
755 4064 809 4126 pro
831 4055 994 4129 quaestore
1014 4043 1144 4104 scribere
1165 4043 1234 4104 uolt
1269 4041 1330 4103 Sed
1349 4040 1438 4102 ualde
1460 4041 1515 4101 hoc
1534 4058 1789 4120 superuacaneum
1809 4041 1871 4112 est;

273 4175 343 4217 nam
369 4161 542 4237 quaestores
569 4179 622 4240 pro
647 4163 785 4240 praetore
809 4159 928 4240 saepius
951 4158 982 4218 in
1008 4158 1174 4240 prouincias
1200 4157 1407 4230 mittebantur,
1444 4155 1494 4234 qui
1520 4174 1578 4216 nou
1603 4160 1690 4215 erant
1717 4157 1872 4236 praetores

274 4270 509 4351 (Marquardtius
528 4251 555 4335 3'.
581 4273 746 4348 1‚284⁵¹.
776 4273 989 4335 Mommsenius
1008 4274 1043 4349 3,
1066 4274 1192 4350 111311).
1240 4270 1330 4333 Falso
1357 4276 1458 4333 autem
1486 4269 1549 4329 sine
1570 4269 1658 4329 dubio
1680 4268 1806 4329 Peterus
1827 4268 1872 4347 (2,

256 4370 355 4464 242.)
385 4391 573 4466 quaestorem
610 4392 681 4448 tunc
714 4388 807 4449 luisse
830 4388 973 4451 Catonem
1002 4387 1115 4462 scribit,
1141 4386 1191 4467 qui
1215 4385 1386 4447 iamdudum
1411 4384 1538 4446 Senator
1564 4389 1652 4444 esset
1706 4383 1772 4444 Iam
1799 4400 1871 4444 uero

274 4501 464 4562 Drumaunus
486 4503 525 4579 (2,
544 4503 624 4581 262.)
651 4524 773 4585 prorsus
789 4504 895 4565 iniuria
917 4503 1050 4585 Cyprum
1072 4501 1243 4562 Ptolemaeo
1263 4503 1398 4581 ereptam
1423 4518 1552 4581 opesque
1573 4498 1674 4578 regiae
1696 4497 1869 4577 81116116-

275 4635 353 4676 mam
374 4617 535 4678 translatas
553 4637 621 4677 esse
643 4618 721 4679 dicit
772 4618 860 4689 Quod
883 4618 907 4679 si
927 4638 1033 4678 161111
1053 4620 1147 4690 esset,
1176 4635 1229 4676 our
1247 4613 1321 4676 Cato
1343 4633 1378 4675 eo
1399 4613 1494 4674 officio
1517 4616 1578 4674 tam
1600 4613 1727 4673 solerter
1749 4613 1869 4672 functus

275 4736 364 4804 esset,
387 4750 446 4791 non
471 4731 711 4811 intellegeretur,
740 4737 793 4794 aut
816 4753 875 4813 qua
902 4752 935 4792 re
962 4738 1083 4794 senatus
1106 4731 1205 4810 legem
1231 4728 1313 4789 illam
1333 4728 1467 4787 inhibere
1488 4727 1569 4790 nullo
1591 4728 1678 4789 modo
1698 4729 1867 4808 temptaret

275 4845 381 4924 Itaque
403 4866 461 4907 non
481 4847 601 4907 dubium
623 4852 822 4929 potestesse,
850 4847 920 4927 quin
941 4853 972 4908 et
992 4847 1066 4910 Cato
1088 4850 1119 4906 ct
1139 4845 1296 4928 optimates
1318 4847 1528 4905 testamentum
1548 4843 1638 4917 illud,
1665 4861 1723 4921 quo
1743 4840 1869 4923 populus

275 4959 429 5022 Romanus
455 4962 543 5021 heres
568 4961 788 5037 institueretur,
811 4962 980 5023 Alexandri
1007 4961 1070 5021 siue
1088 4961 1113 5021 I.
1143 4961 1207 5020 siue
1227 4959 1268 5019 II.
1299 4958 1409 5019 iustum
1435 4961 1592 5037 ratumque
1612 4976 1679 5016 esse
1701 4955 1871 5016 censuerint

276 5074 392 5154 (Cicero
409 5077 447 5135 de
467 5077 485 5136 l.
508 5096 570 5156 agr.
593 5080 607 5138 1
632 5078 647 5158 S
669 5078 696 5137 2.
722 5079 804 5157 §lt
837 5076 1210 5152 Mommsenius3,⁴l'ln.
1234 5076 1297 5135 151.
1328 5074 1421 5150 205),
1449 5072 1535 5133 sicuti
1554 5091 1680 5152 reguum
1706 5070 1870 5131 Attalicum

274 5189 353 5251 iusta
374 5190 540 5252 hereditate
562 5192 600 5253 ad
622 5212 673 5253 eos
692 5196 879 5274 peruenerat
