4320 5902
1049 540 1098 614 20

272 733 341 776 cero
360 715 480 794 quidem
501 733 538 774 ea
558 714 632 775 satis
652 713 734 774 clare
754 707 948 792 perspexisse
967 707 1115 768 uideatur.
1159 705 1298 782 Accedit,
1333 706 1412 786 quod
1432 703 1662 788 proscriptiones
1680 700 1794 781 gloriae
1816 716 1877 761 mo

272 830 412 909 ritusque
440 829 504 888 eius
528 826 686 906 caliginem
709 825 859 906 quandam
885 823 1067 885 obtuderunt
1093 821 1131 896 (2.
1159 821 1209 896 l'l,
1236 823 1265 882 5.
1286 821 1339 882 cir.
1361 820 1427 895 ΠΙ,
1448 821 1498 898 a).
1541 817 1606 879 Nec
1626 821 1728 879 tamen
1747 812 1877 875 Manum

273 943 382 1004 exinde
403 943 507 1004 laudat
518 941 663 1017 Velleius,
678 943 738 1002 imo
755 939 916 1000 militarem
936 940 1052 999 tantum
1072 942 1169 997 artem
1180 935 1208 996 ei
1221 935 1334 1010 tribuit,
1354 934 1682 1017 paeepessimumeum
1701 930 1794 991 lhisse
1806 927 1879 990 dicit

274 1059 312 1138 (2.
329 1059 436 1134 11,1.),
457 1060 499 1118 eo
510 1057 617 1136 quibus
637 1056 724 1118 malis
742 1059 847 1137 postea
864 1072 956 1134 remp.
978 1051 1167 1125 dilaceraret,
1186 1070 1224 1112 ea
1243 1049 1322 1112 bello
1341 1049 1489 1113 Cimbrico
1506 1049 1560 1109 nix
1582 1062 1768 1129 mpensasse.
1801 1043 1878 1106 urm

273 1173 365 1252 igitur
384 1172 535 1251 ingenium
554 1171 711 1251 utriusque
730 1158 788 1230 uiri
802 1168 846 1230 ita
863 1166 1039 1250 perspiciat,
1066 1170 1101 1227 nt
1121 1166 1165 1227 eis
1186 1166 1289 1241 modo,
1327 1185 1403 1246 qnae
1423 1165 1525 1227 statim
1543 1164 1574 1225 in
1594 1163 1695 1224 oculos
1716 1160 1878 1234 incurrant,

273 1287 303 1348 in
323 1287 511 1348 diiudicanda
529 1290 640 1361 utatur,
657 1300 782 1346 necesse
801 1289 857 1359 est,
875 1301 915 1344 ue
935 1301 973 1343 ee
992 1281 1121 1362 quidem,
1143 1300 1221 1361 quae
1241 1281 1321 1342 alter
1340 1281 1370 1341 in
1389 1280 1518 1342 alterum
1533 1277 1719 1340 machinatus
1738 1275 1787 1350 sit,
1809 1292 1879 1334 eum

274 1406 357 1474 recte
379 1402 557 1462 describere.
594 1401 643 1463 Ita
663 1401 775 1462 iachim
795 1406 843 1460 est
862 1399 893 1460 in
914 1380 1059 1460 shditione
1080 1397 1316 1478 Sulpiciaua¹⁴).
1372 1394 1536 1478 Sulpicium
1556 1394 1634 1455 enim
1656 1391 1770 1453 Rufum
1789 1388 1880 1453 nobili

274 1517 338 1577 loeo
355 1520 457 1576 natum
479 1515 615 1576 amicitiis
634 1520 666 1576 et
685 1515 790 1596 opibus
813 1514 1058 1588 celeberrimum,
1079 1530 1146 1573 cum
1170 1515 1316 1574 asenatu
1338 1511 1527 1584 imitaretur,
1547 1509 1695 1571 defecisse
1714 1512 1820 1570 narrat
1838 1507 1877 1584 (2

277 1631 323 1705 18,
344 1633 392 1708 5.).
429 1630 527 1709 Leges
543 1630 635 1709 igitur
653 1650 720 1690 cnm
743 1630 818 1691 alias
838 1629 1018 1711 perniciosas
1038 1627 1152 1697 tulisse.
1173 1633 1237 1688 tum
1257 1644 1334 1702 eam,
1354 1645 1414 1706 qua
1432 1625 1535 1688 Sullae
1555 1623 1711 1707 imperinm
1732 1621 1804 1684 belli
1822 1620 1879 1681 ui-

275 1745 436 1807 thradatioi
460 1744 646 1826 eripiendum
672 1751 763 1824 atque
790 1744 829 1806 ad
849 1744 977 1805 Marium
1007 1744 1249 1804 transferendum
1277 1761 1345 1803 esse
1365 1745 1510 1803 censeret.
1550 1740 1637 1812 Quae
1657 1739 1789 1801 narratio
1811 1739 1879 1799 suh

276 1860 407 1921 absurda
433 1859 560 1920 uidetur.
606 1859 669 1920 Aut
695 1860 774 1919 enim
796 1859 894 1920 Mario
917 1858 1105 1920 machinante
1123 1857 1286 1939 Sulpicium
1311 1857 1489 1918 seditionem
1508 1855 1617 1917 iecisse
1637 1854 1804 1938 putandum
1823 1856 1879 1927 eat,

276 1979 329 2035 aut
349 1973 442 2055 ipsius
464 1974 552 2034 animi
568 1978 651 2034 motu
666 1974 710 2034 'ad
732 1974 955 2036 instaurandam
976 1994 1068 2056 remp.
1091 1973 1263 2035 accessisse.
1296 1973 1431 2044 Quorum
1448 1972 1473 2033 si
1493 1970 1568 2032 illud
1582 1972 1721 2051 elegeris,
1743 1969 1805 2050 legi
1826 1969 1880 2045 illi,

276 2108 336 2169 qua
366 2093 400 2149 ut
418 2089 514 2151 Mario
540 2089 695 2171 imperium
718 2090 888 2150 deterretur
911 2090 1021 2165 suasit,
1050 2079 1182 2151 max‘ima
1203 2090 1249 2150 uis
1269 2088 1456 2168 adsignanda
1477 2087 1548 2160 erit;
1582 2087 1629 2148 sin
1650 2087 1681 2147 in
1702 2085 1880 2146 contrariam

276 2205 454 2265 sententiam
476 2204 660 2278 discesseris,
681 2209 851 2267 ueteranum
871 2205 972 2285 legum
993 2205 1135 2266 maiorem
1156 2204 1248 2265 inisse
1268 2203 1432 2265 efficaciam
1444 2201 1816 2280 stetueudnmestetlege
1828 2200 1882 2261 illa
1975 2187 1981 2206 '

278 2319 316 2378 de
328 2318 405 2379 Mari
417 2319 540 2401 imperio
553 2321 615 2381 lata
627 2320 711 2380 illum
726 2324 842 2380 tantum
855 2319 910 2381 sibi
924 2319 1058 2380 deditum
1071 2318 1236 2402 Sulpicium
1245 2318 1375 2379 reddere
1386 2317 1525 2379 uoluisse.
1548 2317 1641 2398 Atqui
1650 2315 1785 2377 Velleius
1798 2314 1882 2376 nulls

278 2431 358 2524 Mari
376 2452 432 2515 ope
453 2434 491 2495 ad
511 2434 594 2495 illam
611 2433 706 2517 ipsam
727 2435 826 2515 legem
846 2435 1001 2496 terendam
1020 2434 1181 2516 impulsum
1203 2452 1272 2494 eum
1294 2452 1362 2494 esse
1378 2435 1490 2495 narrat
1505 2467 1548 2478 -
1565 2433 1646 2493 Ante
1667 2432 1765 2494 omnia
1781 2436 1881 2516 autem

277 2546 308 2607 in
328 2566 364 2607 eo
384 2547 504 2622 errauit,
526 2547 605 2627 quod
626 2548 789 2630 Sulpicium
808 2549 920 2610 dirutiis
940 2542 1181 2610 florentissimum
1203 2547 1289 2608 dixit
1329 2546 1375 2608 Eo
1395 2547 1473 2608 enim
1495 2547 1683 2620 factumest,
1704 2551 1746 2623 nt,
1768 2565 1827 2628 qua
1848 2553 1882 2607 r'e

277 2661 364 2722 homo
390 2673 460 2722 ante
482 2662 647 2724 'nobilitatis
671 2664 799 2745 partium
818 2664 1052 2726 studiosissimus
1072 2663 1111 2725 ad
1135 2663 1231 2745 plebis
1251 2682 1388 2724 caussam
1404 2662 1547 2724 tuendam
1568 2662 1798 2744 perduceretur,
1823 2680 1883 2722 non

277 2775 476 2854 intellegeret.
517 2775 653 2857 Namque
673 2777 788 2839 Marius
815 2778 949 2839 subsidia
976 2778 1004 2838 ei
1029 2779 1174 2849 ostendit,
1201 2778 1309 2858 quihus
1335 2777 1532 2838 ereditonhus
1551 2777 1625 2847 satis
1646 2779 1745 2838 facere
1767 2782 1883 2860 posset:

279 2889 368 2969 (Plut.
390 2890 463 2952 Sull.
485 2891 512 2966 8,
537 2895 560 2953 l.
583 2891 775 2953 Drumannus
794 2894 823 2967 2,
844 2880 962 2975 43631)
984 2893 1084 2972 itaque
1111 2912 1179 2953 eum
1206 2893 1245 2954 ad
1271 2892 1365 2975 ipsius
1392 2896 1494 2975 partes
1518 2892 1613 2954 traxit
1640 2891 1715 2971 (Liu
1733 2893 1780 2953 77,
1803 2892 1881 2974 App.

278 3003 312 3064 a.
333 3004 364 3066 o.
388 3007 417 3078 ι,
440 3006 486 3065 55.
513 3004 591 3066 rint.
613 3006 632 3066 l.
654 3025 678 3065 0.
707 3005 785 3067 nur.
807 3007 834 3067 a.
856 3008 890 3081 e,
914 3009 940 3068 o.
967 3006 1054 3088 [sur.
1070 3005 1122 3087 u]
1151 3008 1190 3066 aa
1215 3007 1420 3085 nisinun
1452 2990 1590 3069 'auem
1618 3027 1667 3068 ss
1688 3006 1818 3068 sussen
1842 3026 1883 3068 ss

279 3117 429 3180 Ciceronis
454 3118 576 3179 iudiciis.
618 3120 679 3190 Qui
706 3139 772 3180 eum
792 3120 924 3181 Drusum
954 3121 1073 3202 saepius
1092 3121 1196 3182 laudet
1216 3126 1255 3201 (u.
1274 3142 1300 3183 e.
1323 3143 1347 3184 e.
1369 3123 1408 3183 de
1428 3121 1492 3183 ND.
1514 3123 1532 3184 3
1556 3122 1637 3204 580.
1658 3125 1674 3204 ς
1693 3123 1763 3200 Sl),
1786 3122 1883 3212 Sulpi-

278 3232 370 3306 cium,
392 3237 495 3315 utpote
517 3234 567 3313 qui
587 3236 625 3295 ab
650 3235 891 3296 aduersariorum
910 3242 996 3318 parta
1018 3237 1149 3312 steterit,
1168 3257 1227 3299 non
1248 3238 1345 3299 minus
1366 3240 1542 3318 frequentur
1564 3239 1716 3320 uituperat
1737 3239 1786 3318 (de
1809 3242 1883 3325 orat

279 3349 297 3410 3
320 3350 335 3429 5
359 3350 423 3425 lh).
466 3349 526 3410 sed
554 3350 625 3429 quid
652 3356 714 3423 est,
742 3351 820 3428 qnod
844 3355 961 3411 ceteras
979 3351 1064 3429 leges
1086 3351 1190 3413 tulerit
1209 3353 1377 3435 Sulpicius?
1416 3353 1596 3434 Quanquam
1618 3353 1697 3413 enim
1716 3353 1790 3414 certi
1812 3353 1883 3434 qnid

278 3463 426 3524 homiuem
454 3463 630 3525 dissolutum
659 3469 691 3524 et
717 3482 892 3546 oppressum
922 3483 993 3524 aere
1020 3463 1173 3541 alieno¹⁵l
1199 3452 1335 3528 secutum
1358 3488 1426 3529 esse
1448 3488 1507 3529 non
1530 3473 1617 3550 puto,
1644 3472 1746 3529 tamen
1768 3487 1885 3548 nequeo

278 3577 422 3639 adsentiri
434 3579 607 3641 Drumanno
629 3579 659 3657 (l.
672 3581 718 3657 e),
739 3577 789 3658 qui
809 3579 839 3639 in
861 3580 996 3640 omnihus
1018 3579 1135 3660 legibus
1155 3580 1186 3641 id
1208 3599 1276 3642 eum
1295 3582 1467 3644 elaborasse
1483 3582 1564 3657 dicit,
1584 3586 1618 3643 nt
1639 3601 1709 3643 aere
1734 3581 1831 3644 alieno
1851 3582 1885 3642 li-

278 3694 443 3754 beraretur.
483 3693 564 3764 Quid
585 3673 683 3755 enim'?
719 3693 779 3756 Illa
799 3694 883 3774 lege,
911 3715 971 3775 qna
990 3695 1106 3769 sanxit,
1135 3695 1241 3775 nequis
1267 3701 1389 3758 senator
1407 3696 1474 3778 plns
1493 3697 1552 3757 duo
1572 3695 1653 3758 milia
1674 3695 1885 3758 drachmarum

249 3796 251 3800 Α
280 3808 358 3869 aeris
387 3808 476 3870 alieni
499 3811 625 3870 haberet
652 3808 860 3888 (Pluo1.0.)‚
887 3829 921 3870 se
948 3810 1013 3892 ipse
1040 3810 1258 3872 condemnauit.
1299 3809 1403 3890 Neque
1424 3811 1512 3872 aliter
1531 3810 1665 3891 effugere
1687 3812 1799 3894 potuit,
1828 3812 1885 3874 nisi

280 3921 418 3983 adiuncto
438 3923 550 3998 Mario,
584 3923 635 4003 qui
660 3924 774 4006 praeda
794 3923 996 3986 Mithradatici
1027 3925 1097 3987 belli
1118 3925 1211 4008 ipsius
1233 3925 1395 3988 calamitati
1418 3934 1615 3989 succurreret.
1656 3926 1764 3989 Omnia
1784 3931 1886 3989 autem

280 4037 370 4111 hene,
391 4037 422 4097 ni
440 4036 542 4110 fallor,
564 4037 734 4132 eonpment,
755 4037 780 4099 si
803 4038 966 4120 Sulpicium
985 4040 1155 4121 putabimus
1175 4060 1228 4103 eas
1248 4060 1392 4122 personas
1410 4025 1503 4121 agere
1522 4042 1668 4117 noluisse,
1689 4062 1764 4123 quas
1784 4042 1886 4125 paullo

280 4154 349 4232 post
368 4150 463 4213 Cinna
483 4152 652 4213 sustineret.
674 4155 739 4231 (cfr.
763 4152 978 4233 Goettlingius,
993 4153 1031 4214 H.
1050 4154 1093 4217 St.
1114 4154 1146 4217 Ο.
1168 4152 1342 4237 Β.[1840.]
1363 4152 1511 4234 458.)¹⁴).
1554 4156 1643 4227 Quod
1663 4161 1697 4218 ut
1718 4157 1886 4240 perficeret,

280 4264 405 4339 Marius,
426 4265 588 4347 cupiditate
607 4267 800 4328 Mithradatis
821 4262 983 4350 superandi
1002 4267 1150 4344 incensus,
1172 4269 1259 4331 facile
1279 4269 1307 4330 ei
1326 4268 1548 4357 opitulabatur.-
1572 4271 1677 4354 Ipsum
1698 4277 1800 4334 autem
1821 4272 1886 4335 Ma

281 4378 359 4440 rium
377 4379 447 4440 nihil
466 4383 530 4440 tum
551 4386 672 4462 praeter
688 4381 767 4443 illius
790 4381 861 4442 belli
881 4381 1167 4447 administratorem
1186 4383 1353 4467 adpetisse,
1384 4406 1439 4469 per
1456 4406 1489 4447 se
1511 4386 1626 4448 elamm
1647 4390 1702 4448 est
1742 4386 1823 4448 Illud
1842 4392 1886 4450 ta·

281 4513 351 4555 men
378 4494 481 4574 quaeri
507 4495 615 4577 possit,
649 4501 750 4556 utrum
770 4496 885 4557 Marius
909 4496 1072 4578 Sulpicium
1092 4498 1131 4558 ad
1152 4518 1246 4560 nouas
1265 4510 1315 4560 res
1336 4499 1501 4563 moliendae
1525 4502 1732 4577 commouerit,
1757 4501 1788 4561 id
1808 4503 1888 4582 quod

281 4608 401 4670 ueteres
420 4627 521 4669 rerum
542 4609 702 4691 scriptores
723 4608 897 4686 adfirmant,
921 4629 975 4687 an,
993 4610 1025 4671 id
1047 4612 1125 4692 quod
1145 4613 1243 4693 magis
1263 4633 1303 4674 ex
1324 4633 1425 4675 rerum
1444 4618 1551 4676 natura
1575 4614 1696 4676 uidetur
1715 4603 1799 4691 esse,
1822 4615 1887 4678 Sul·

394 4793 434 4858 Η)
457 4792 615 4858 Quemquam
633 4779 870 4861 Mommsenius'(8‚
891 4794 961 4859 ula.)
983 4794 1066 4846 Mario
1083 4793 1166 4846 nullas
1186 4795 1214 4845 in
1232 4795 1279 4847 hsc
1296 4795 1421 4849 seditiom
1435 4768 1519 4864 partes
1538 4797 1618 4849 luisse
1635 4797 1724 4850 scribit

392 4896 431 4963 Ι1)
451 4903 487 4950 At
502 4895 569 4963 quod
580 4896 694 4949 Velleius
715 4899 739 4962 (5
751 4899 778 4964 t)
799 4898 914 4966 Sulpicio
933 4899 1026 4968 probro
1037 4898 1089 4966 det,
1107 4898 1175 4966 quod
1184 4900 1231 4954 (lu.
1240 4901 1348 4970 Pompei
1363 4901 1445 4954 tilium
1462 4902 1625 4967 htesieoerit,
1640 4901 1667 4952 id
1685 4903 1708 4953 si
1727 4918 1778 4953 non
1795 4902 1886 4969 inuito,

282 4987 349 5035 ceree
368 4998 419 5034 non
435 4983 572 5050 instigante
590 4982 704 5052 Sulpicio
722 4984 816 5037 iactum
834 4994 882 5040 est.
900 4988 976 5054 (App.
994 4988 1025 5039 B.
1045 4988 1073 5042 0.
1093 4992 1117 5053 l,
1136 4989 1170 5040 te
1188 5005 1214 5056 p.
1233 4989 1286 5056 79.)
1323 4988 1393 5056 Quid
1411 4993 1497 5041 suum
1514 4989 1568 5042 eius
1586 4989 1712 5053 interfuit,
1732 4989 1814 5040 fllium
1831 5007 1888 5058 per·

280 5068 359 5122 insere
377 5070 512 5139 superstite
528 5073 621 5138 petrei
1442 5093 1445 5098 ·

288 5139 292 5149 ¹
388 5177 428 5244 Ιθ)
449 5180 504 5230 Nee
522 5178 587 5230 hsne
606 5178 757 5231 untecflsm
778 5179 888 5233 abnuere
909 5180 1012 5232 uidetur
1030 5180 1133 5234 velta.
1153 5180 1195 5244 lt,
1213 5180 1254 5235 d:
1277 5179 1356 5246 (letes
1378 5180 1448 5246 tulit)
1475 5183 1631 5244 esiaotilss,
1661 5197 1706 5232 see
1730 5185 1887 5234 soleres·

280 5267 342 5319 des
361 5269 489 5318 literae
506 5269 728 5330 reipublicae.
