4320 5902
1084 565 1132 637 29

1078 900 1142 964 XV.

400 1065 578 1147 Priusquam
595 1068 664 1129 huie
684 1067 891 1148 disputationis
910 1067 990 1148 parti
1008 1066 1098 1128 finem
1117 1068 1302 1150 imponamus
1322 1067 1410 1146 (IIII,
1425 1069 1492 1143 111),
1513 1067 1598 1146 quasi
1612 1067 1799 1127 corollarium
1812 1067 1904 1146 quod·

300 1182 372 1244 dam
394 1182 432 1241 de
450 1180 609 1262 prouinciis
627 1199 723 1262 pauca
742 1181 881 1242 addenda
902 1186 980 1242 sunt
1019 1180 1275 1243 Considerandum
1295 1191 1395 1242 autem
1415 1185 1530 1242 tantum
1553 1182 1639 1241 modo
1660 1189 1722 1255 est,
1744 1200 1802 1260 quo
1816 1180 1903 1242 modo

302 1292 437 1359 Velleius
456 1296 487 1356 in
506 1296 563 1355 hac
582 1315 615 1356 re
637 1296 817 1377 exponenda
834 1300 973 1358 uersatus
993 1296 1040 1358 sit
1071 1296 1198 1379 Semper
1218 1313 1291 1359 uero
1300 1297 1331 1357 id
1343 1296 1479 1358 Velleius
1489 1300 1642 1378 spectasse
1653 1296 1782 1370 uidetur,
1801 1300 1904 1356 utnon

303 1412 422 1492 quando
440 1418 524 1472 terra
543 1411 691 1490 quaedam
712 1411 846 1472 subiecta
865 1429 937 1472 uere
958 1412 989 1472 in
1006 1412 1175 1494 prouinciae
1185 1414 1311 1473 formam
1322 1413 1513 1491 redigeretur
1523 1411 1669 1482 deliniret,
1686 1411 1741 1472 sed
1753 1430 1773 1472 a
1784 1430 1841 1491 quo
1862 1410 1904 1471 ita

302 1526 489 1589 subiceretur
509 1525 717 1607 perscriberet,
738 1530 773 1587 nt
793 1544 944 1605 nunquam
957 1532 1063 1609 postea
1080 1547 1100 1588 a
1112 1526 1254 1589 Romanis
1268 1528 1396 1587 delicere
1412 1527 1546 1588 auderet.
1575 1526 1641 1588 Hoc
1659 1527 1750 1606 igitur
1763 1525 1904 1607 temporis
1951 1504 1955 1515 ¹

301 1646 444 1724 punctum
471 1646 503 1702 et
521 1645 681 1721 antequam
700 1641 852 1723 prouincia
870 1659 943 1701 uere
962 1641 1121 1702 constituta
1142 1650 1189 1701 est
1215 1662 1283 1701 esse
1306 1646 1419 1723 potest,
1450 1650 1482 1702 et
1501 1647 1620 1723 postem
1647 1641 1855 1723 potestatium
1874 1640 1904 1701 in

300 1756 380 1819 idem
402 1762 560 1835 utriunque
580 1760 698 1836 tempus
719 1755 857 1816 incidere.
890 1755 979 1826 Quod
999 1756 1101 1816 statim
1121 1758 1159 1816 ab
1179 1756 1261 1816 initio
1279 1756 1310 1815 in
1321 1755 1421 1818 Sicilia
1440 1756 1694 1817 animaduertitur.
1727 1756 1905 1834 Quanquam

302 1872 381 1931 enim
400 1870 500 1931 Sicilia
522 1889 541 1931 a
558 1870 599 1931 M.
621 1869 752 1931 Laeuino
778 1870 899 1930 demum
922 1890 1045 1952 prorsus
1069 1870 1205 1931 subiecta
1231 1879 1287 1945 est,
1307 1872 1475 1950 Agrigento
1495 1875 1581 1952 capto
1602 1871 1769 1950 ceterisque
1789 1869 1905 1951 oppidis

300 1987 332 2048 in
349 1987 530 2047 deditionem
549 1986 678 2068 receptis
695 1986 769 2065 (Liu.
786 1987 833 2061 26,
844 1988 884 2049 40
907 1990 1000 2047 extr:
1022 1984 1068 2049 Et
1090 1986 1175 2072 qaod
1194 1986 1239 2049 od
1255 1985 1401 2050 Siciliam
1423 1988 1545 2065 eminet,
1566 2008 1601 2049 eo
1622 2008 1706 2049 anno
1719 1982 1905 2048 debellamus

302 2104 383 2179 εει.)
422 2106 523 2162 tamen
556 2121 575 2163 a
601 2101 746 2162 Marcello
777 2101 871 2182 captis
899 2100 1058 2182 Syracusis
1087 2101 1219 2162 maxima
1248 2101 1319 2162 belli
1351 2102 1444 2163 moles
1476 2106 1617 2183 superata
1643 2106 1690 2161 cst
1712 2102 1751 2179 (2.
1777 2098 1832 2172 38,
1855 2099 1904 2176 2.).

304 2216 385 2277 Dlud
405 2222 507 2277 autem
524 2216 643 2277 omnino
662 2236 720 2277 nou
740 2214 906 2297 respicitur,
926 2215 1008 2277 finito
1028 2216 1123 2298 prime
1143 2214 1344 2278 belloPunico
1358 2215 1571 2277 occidentalem
1584 2215 1699 2276 insulae
1713 2218 1830 2296 partem
1846 2212 1906 2274 Ro

303 2350 458 2392 manorum
486 2330 609 2412 imperio
637 2330 800 2392 subiectam
826 2349 893 2390 esse
921 2329 1076 2411 (Polybius
1099 2333 1129 2404 1,
1149 2332 1195 2393 63.
1226 2330 1357 2391 Zonaras
1379 2330 1413 2405 8,
1437 2332 1473 2391 17
1494 2353 1521 2412 p.
1548 2331 1632 2408 163.)
1684 2328 1795 2390 Postea
1826 2326 1905 2388 enim

304 2445 446 2506 uniuersa
472 2446 570 2506 insula
597 2445 706 2506 iterum
731 2446 842 2507 amissa
866 2449 920 2505 est.
962 2444 1048 2505 Idem
1067 2445 1098 2505 in
1119 2444 1281 2526 Hispanias
1305 2444 1393 2506 cadit.
1433 2444 1570 2524 Namque
1592 2444 1661 2505 inde
1681 2446 1719 2505 ab
1740 2463 1818 2505 anno
1837 2441 1904 2503 549.

304 2561 498 2640 magistratus
520 2561 644 2622 annales
672 2560 702 2620 in
721 2559 883 2641 Hispanias
914 2560 991 2621 mitti
1011 2561 1147 2622 solebant
1169 2561 1257 2643 (App.
1278 2560 1379 2620 Mithr.
1401 2561 1469 2638 38).
1511 2560 1652 2621 Insecuta
1673 2565 1773 2620 autem
1795 2563 1843 2619 est
1861 2576 1906 2617 se-

304 2674 376 2736 ditio
394 2674 558 2735 Viriathiea
578 2674 759 2736 Numantina
776 2675 955 2737 Sertoriana.
995 2675 1044 2736 Ab
1065 2674 1229 2735 Octauiano
1247 2677 1367 2736 demum
1387 2678 1417 2735 in
1437 2654 1537 2737 Iberia
1557 2675 1739 2736 debellatum
1761 2678 1809 2734 est
1831 2672 1906 2749 (Liu.

305 2788 354 2864 28,
379 2791 421 2851 12.
442 2789 692 2850 Mitscherliclrius
711 2790 751 2851 ad
772 2789 844 2850 Hor.
863 2789 960 2852 Germ.
979 2790 1006 2850 2.
1028 2790 1056 2864 6,
1075 2789 1124 2866 2.).
1175 2789 1287 2851 Contra
1306 2790 1482 2851 Macedonia
1507 2794 1574 2871 post
1598 2808 1730 2871 pugnarn
1749 2786 1905 2868 Pydneam

305 2903 387 2987 prim
398 2904 565 2986 perdomita
581 2908 637 2978 est,
659 2924 748 2984 quarn
760 2905 840 2965 lacta
852 2904 1044 2985 stipendiaria
1063 2903 1129 2985 (Ep.
1145 2903 1212 2964 Liui
1225 2906 1272 2965 45.
1290 2903 1481 2968 llaeedonr'a
1493 2905 1526 2985 [a
1538 2903 1658 2983 Paullo]
1672 2905 1707 2966 s'a
1714 2902 1905 2987 promissorias

298 3017 445 3105 sormam
463 3017 594 3082 redacta
615 3030 667 3082 est.
690 3020 742 3080 cir.
764 3018 989 3099 Marquardtius
1007 3022 1034 3083 3.
1050 3019 1221 3096 1,116“.).
1269 3020 1357 3092 Quod
1380 3041 1447 3081 cum
1469 3020 1581 3081 liberae
1602 3018 1796 3080 Macedoniae
1816 3018 1905 3077 finem

305 3133 398 3194 luisse
419 3137 523 3194 narret
547 3132 681 3194 Velleius
701 3135 739 3212 (2.
752 3134 801 3208 38,
812 3136 868 3210 5.),
890 3135 1061 3216 Illyricum,
1084 3135 1189 3196 eodem
1209 3136 1295 3196 modo
1316 3135 1442 3195 liberum
1463 3154 1531 3196 esse
1551 3135 1665 3195 iussum
1684 3142 1774 3213 atque
1794 3133 1825 3193 in
1843 3139 1907 3193 tres

305 3253 408 3330 partes
431 3247 622 3312 distributum
640 3248 715 3326 (Liu
738 3252 787 3325 45,
809 3252 848 3313 26
870 3252 970 3325 exta),
996 3271 1016 3312 a
1035 3250 1153 3312 Tiberio
1181 3251 1300 3311 demum
1326 3251 1551 3332 stipendiarium
1576 3269 1643 3310 esse
1664 3252 1776 3311 laetum
1804 3246 1909 3307 delinit

306 3363 345 3442 (2.
364 3364 413 3439 39,
430 3364 480 3439 3.).
521 3363 638 3424 Atiam
660 3364 863 3427 Caesariana
885 3366 1071 3429 eumGalliis
1089 3366 1245 3447 Illyricum
1265 3365 1416 3447 prouincia
1436 3365 1508 3426 data
1524 3370 1572 3425 est
1591 3364 1720 3443 (111038,
1739 3363 1757 3424 8
1778 3362 1906 3445 paea).

307 3476 368 3540 Sed
387 3488 498 3553 tamen,
519 3479 664 3540 Delmatia
686 3477 835 3539 aliberio
856 3480 1005 3554 subiectis,
1024 3479 1175 3541 Delmatia
1196 3480 1316 3539 demum
1334 3478 1485 3561 prouincia
1506 3479 1645 3540 adiuncto
1658 3477 1781 3558 Illyrico
1801 3476 1907 3537 consti·

306 3596 372 3655 tnta
395 3593 514 3653 uidetur
535 3592 769 3672 (Marquardtius
790 3594 817 3653 d.
842 3594 973 3668 11321),
992 3598 1027 3655 ut
1051 3595 1129 3655 hanc
1149 3594 1330 3675 prouinciam
1350 3613 1465 3673 quoque
1487 3593 1605 3655 Tiberio
1624 3591 1806 3654 attribuendi
1824 3610 1907 3651 ocea-

307 3707 350 3769 sio
369 3713 458 3768 esset.
488 3706 581 3769 Porro
602 3708 717 3769 Achaia
737 3714 837 3769 utrum
855 3728 873 3769 a
888 3709 1031 3770 Mummio
1052 3728 1124 3769 uere
1143 3708 1175 3768 in
1193 3708 1362 3790 prouinciae
1385 3709 1510 3768 formam
1528 3709 1652 3768 redacta
1672 3707 1711 3767 sit
1731 3708 1769 3784 (2.
1786 3705 1835 3779 38,
1855 3707 1905 3782 5.),

307 3841 346 3884 an
366 3826 470 3904 postca
491 3822 620 3895 demum,
641 3822 795 3883 dubitatur
816 3824 1052 3904 (Marquardtius
1075 3825 1127 3884 121
1153 3844 1196 3902 sq.
1217 3823 1431 3883 Mommsenius
1451 3824 1479 3897 2,
1508 3824 1563 3884 146
1584 3825 1648 3902 sq).
1692 3821 1752 3883 Sed
1772 3819 1907 3880 Velleius

307 3936 371 3997 sine
396 3937 486 3997 dubio
507 3941 588 3997 recte
604 3936 747 3999 Mummio
767 3938 1084 4015 Achaiaedebehatae
1104 3937 1230 4017 gloriam
1250 3937 1404 4016 adsignat,
1430 3944 1589 4020 propterea
1608 3936 1686 4016 quod
1707 3939 1795 4017 capta
1806 3934 1907 3997 Corin·
2022 4022 2026 4029 Ι

307 4052 358 4113 tho
373 4051 502 4114 Graecia
524 4053 630 4116 dicioni
649 4053 803 4114 Romanae
824 4053 957 4114 subiecta
973 4059 1027 4114 est

406 4167 563 4228 interdum
590 4171 691 4229 autem
711 4167 845 4228 Velleius
872 4172 1008 4248 apertum
1035 4187 1167 4229 errorem
1186 4167 1217 4228 in
1239 4186 1272 4227 se
1289 4166 1426 4227 admittit.
1467 4166 1516 4227 Ita
1531 4166 1635 4227 Asiam
1655 4186 1674 4227 a
1695 4164 1736 4226 M.
1754 4163 1920 4251 Perperna¹

308 4283 472 4344 subiectam
490 4301 558 4341 esse
577 4283 746 4343 adseuerat.
786 4281 874 4352 Quod
895 4282 1073 4343 necessitate
1089 4282 1219 4360 quadam
1235 4282 1376 4342 cohaeret
1393 4300 1459 4341 cum
1487 4281 1544 4355 eis,
1571 4300 1647 4360 quae
1668 4299 1760 4362 supra
1779 4278 1829 4357 (V,
1853 4280 1909 4355 13.)

307 4415 376 4457 eum
396 4398 435 4457 de
447 4395 601 4478 Perperna
619 4396 696 4457 salso
714 4397 830 4457 narrari
848 4397 1047 4476 cognouimus.
1077 4395 1155 4457 Nam
1172 4396 1233 4475 ille,
1251 4415 1420 4475 quanquam
1436 4395 1636 4455 Aristonicum
1656 4396 1713 4456 iam
1732 4401 1852 4476 captum
1866 4400 1909 4454 te-

308 4514 407 4599 nebat,
425 4518 527 4571 tamen
549 4511 681 4571 aduentu
700 4512 889 4586 successoris,
911 4512 961 4571 M!
981 4511 1100 4591 Aquili,
1121 4530 1179 4590 quo
1198 4512 1295 4571 minus
1315 4530 1364 4570 res
1384 4509 1476 4570 Asiae
1498 4510 1659 4583 ordinaret,
1678 4509 1841 4591 prohibitus
1862 4512 1910 4569 cst

307 4625 532 4705 Marquardtius
555 4627 685 4705 130⁴⁴.).
724 4625 790 4687 Non
818 4625 915 4685 minus
938 4626 1013 4686 salso
1041 4631 1159 4700 narrat,
1186 4625 1345 4686 Domitium
1370 4625 1554 4704 Fabiumque
1574 4624 1685 4705 primos
1705 4623 1821 4687 Galbae
1840 4643 1908 4684 cum

308 4740 445 4801 exercitu
465 4740 594 4800 intrasse
613 4741 673 4819 (39,
692 4743 738 4817 1.).
781 4740 851 4802 Sine
877 4740 966 4800 dubio
993 4739 1072 4799 enim
1098 4740 1157 4802 iam
1174 4739 1308 4820 Opimius
1331 4738 1458 4817 Ligures
1483 4739 1603 4817 subegit
1628 4737 1743 4819 (Polyb.
1766 4739 1813 4800 33.
1832 4740 1860 4812 5,
1880 4740 1907 4798 7.

310 4854 336 4918 8.
357 4854 422 4915 Liu.
443 4856 513 4932 47),
540 4874 666 4934 quorum
690 4859 790 4916 terrae
815 4854 1052 4916 Massiliensibus
1079 4855 1207 4915 traditae
1234 4860 1311 4915 sunt.
1358 4853 1469 4914 Fabius
1495 4862 1594 4913 autem
1618 4852 1731 4935 primus
1756 4872 1797 4912 ex
1823 4852 1910 4914 uictis

308 4968 521 5048 Allobrogibus
554 4988 718 5047 cognomen
745 4969 935 5049 Allobrogico
964 4969 1032 5029 tulit
1056 4969 1215 5048 (Ammian.
1238 4969 1356 5043 1512,
1384 4966 1490 5043 519.)
1517 5002 1558 5013 -
1595 4967 1710 5027 Deinde
1736 4967 1862 5029 Galatas
1892 4987 1911 5028 a

274 5092 281 5115 '
309 5081 363 5146 On.
384 5082 496 5145 Manho
518 5083 649 5145 Volsone
675 5087 831 5166 superatos
859 5103 941 5158 esse,
966 5088 1095 5158 constat,
1121 5088 1154 5144 et
1181 5084 1331 5144 consulem
1356 5102 1397 5142 ex
1413 5102 1449 5143 ea
1468 5081 1592 5143 motoria
1613 5082 1812 5164 triumphasse
1833 5082 1909 5160 (Liu.

310 5197 359 5273 38,
380 5197 435 5271 39;
451 5197 499 5273 39,
517 5199 566 5274 6.).
606 5199 749 5260 Attamen
771 5217 822 5272 eo,
843 5199 921 5277 quod
942 5200 1017 5259 bene
1038 5198 1076 5257 de
1096 5197 1249 5279 republica
1268 5197 1393 5258 meritus
1414 5202 1473 5280 est,
1494 5200 1650 5259 contentus
1668 5182 1741 5259 erat
1782 5197 1910 5260 Galatae

310 5311 402 5392 igitur
425 5313 524 5393 quiete
545 5332 601 5395 per
621 5312 771 5373 Romanos
792 5331 884 5392 agere
901 5313 1025 5388 licebat,
1052 5312 1102 5392 qui
1122 5312 1235 5374 liberae
1255 5311 1384 5374 ciuitatis
1405 5311 1516 5373 uirtute
1535 5318 1638 5373 contra
1660 5312 1735 5373 alias
1755 5319 1862 5392 gentes
1878 5312 1911 5373 fi-
