4290 5902
1049 571 1091 644 31

268 740 302 801 B.
315 739 347 802 C.
358 741 386 814 2,
401 742 469 815 17.)
490 741 637 820 quodque,
657 739 795 800 eonsules
813 738 915 811 creati,
936 737 1113 801 Catonema
1133 743 1274 819 praetura
1294 740 1450 820 prohibent
1471 739 1539 817 (τὰς
1553 741 1655 817 φυλὰς
1667 747 1857 825 deopertum

269 884 316 933 τες
335 856 412 917 Plut
434 857 453 917 l.
475 861 513 934 o.)
539 856 725 918 iamdudum·
739 875 775 917 ea
796 858 883 916 erant
909 855 939 915 in
963 875 1020 915 usu
1044 855 1100 915 lori
1119 853 1254 915 Romani.
1299 856 1411 917 Gestus
1439 876 1510 917 uero
1538 860 1586 918 est
1612 858 1783 918 consulatus
1810 877 1869 919 non

176 1026 178 1031 ,
269 973 367 1032 minus
392 970 600 1053 probabiliter,
627 989 716 1050 quem
736 970 883 1033 Caesaris.
925 969 1029 1050 Neque
1057 971 1136 1031 enim
1157 969 1215 1030 ΠΙ.
1244 970 1301 1030 uiri
1317 976 1438 1053 praeter
1456 973 1587 1054 ipsorum
1611 973 1764 1034 commoda
1785 973 1869 1053 quid·

270 1107 359 1167 quem
380 1087 410 1147 in
430 1091 555 1166 utroque
579 1091 723 1169 spectant

370 1203 436 1264 Duo
453 1206 553 1263 autem
576 1205 671 1277 erant,
694 1220 751 1284 per
766 1222 839 1282 quos
862 1204 974 1265 bellum
993 1204 1089 1278 ciuile,
1110 1203 1282 1283 quominus
1302 1208 1481 1285 erumperet,
1493 1204 1720 1286 prohibebatur:
1741 1203 1869 1266 Crassus

271 1323 303 1379 et
322 1318 407 1378 Iulia.
450 1319 584 1388 Quorum
611 1318 662 1378 ille
688 1319 766 1380 bello
787 1318 925 1380 Parthico
944 1320 1128 1398 1111111119),
1160 1320 1235 1380 haec
1265 1319 1365 1400 paullo
1384 1323 1452 1400 post
1469 1324 1565 1379 morte
1587 1320 1745 1401 absumpta
1763 1319 1868 1396 est³¹)

271 1435 309 1513 (2.
327 1435 375 1507 47,-
396 1434 445 1511 2.).
489 1432 551 1495 Cur
575 1452 648 1494 uero
670 1433 798 1496 Crassus
825 1434 936 1495 bellum
956 1434 1128 1496 Parthicum
1157 1435 1365 1496 administrare
1392 1438 1452 1495 tam
1480 1434 1590 1495 acriter
1615 1435 1753 1513 gestiret,
1786 1436 1868 1495 recte

271 1549 405 1611 Velleius
429 1550 589 1611 adsecutus
607 1554 661 1610 est.
695 1550 822 1610 Dilllcile
843 1550 921 1610 enim
941 1551 1023 1611 dictu
1042 1551 1170 1624 uidetur,
1191 1555 1291 1610 utrum
1311 1550 1376 1610 euri
1397 1551 1484 1623 lame,
1506 1551 1534 1610 in
1556 1549 1621 1610 dies
1632 1549 1727 1629 magis
1744 1549 1867 1623 intenta,

271 1665 421 1726 excitatus
441 1665 481 1726 sit
501 1665 539 1726 ad
562 1670 646 1725 tanta
667 1664 801 1747 pericula
822 1665 977 1726 subeunda
997 1665 1230 1744 sexagenarius,
1251 1684 1291 1725 an
1309 1664 1422 1743 gloriae
1444 1665 1558 1745 cupido,
1580 1665 1776 1746 perlongum
1796 1671 1869 1724 tem·

270 1801 327 1864 pus
350 1800 508 1863 oppressa,
524 1781 563 1841 ad
585 1781 778 1842 aemulandos
799 1780 959 1844 Caesarem
977 1779 1208 1861 Pompeiumque
1228 1800 1296 1840 eum
1316 1779 1475 1839 stimularit
1495 1779 1718 1855 (Mommsenius
1739 1780 1768 1853 3,
1780 1778 1868 1856 322.)

271 1895 348 1957 Tum
361 1894 528 1977 Pompeius,
549 1895 660 1955 bellum
681 1914 739 1956 non
759 1885 886 1976 amplius
906 1895 1018 1956 differri
1039 1914 1127 1977 posse
1148 1895 1340 1977 perspiciens,
1361 1893 1474 1955 auxilia
1494 1895 1713 1976 ciremuspexit
1750 1892 1868 1974 Optime

270 2018 362 2090 sgrtur
381 2010 517 2071 Velleius
540 2009 725 2091 Pompeium,
746 2010 777 2070 id
798 2011 876 2090 quod
893 2018 997 2093 postca
1017 2030 1107 2092 saepe
1127 2011 1272 2071 creditum
1293 2019 1355 2085 est,
1375 2011 1493 2092 proprie
1515 2012 1553 2071 ab
1573 2009 1758 2091 optimatium
1779 2007 1869 2090 parti·

271 2127 327 2186 bus
347 2145 405 2185 non
427 2125 545 2185 stetisse
565 2125 696 2225 erponit.
747 2125 833 2185 Idem
858 2125 965 2204 conligi
988 2130 1088 2208 potest
1108 2145 1148 2185 ex
1165 2127 1192 2186 2.
1216 2125 1264 2200 18,
1285 2133 1312 2186 4.
1334 2124 1384 2185 ubi
1409 2125 1482 2185 haee
1500 2125 1655 2203 leguntur:
1685 2123 1736 2186 hic
1756 2121 1869 2200 (Curio)

269 2241 374 2324 preluo
387 2214 717 2324 ePorlrpcr'partr’bue,
740 2240 782 2303 id
799 2252 862 2320 est,
882 2253 924 2303 ut
941 2253 1027 2304 tuuc
1044 2240 1263 2321 habebatur,
1279 2264 1350 2326 pro
1368 2238 1567 2325 republica
1587 2247 1618 2299 et
1628 2256 1704 2318 quae
1720 2241 1868 2298 secuntur.

271 2355 387 2425 Quibus
408 2375 466 2415 non
487 2362 643 2436 repugnat,
664 2356 743 2435 quod
764 2357 790 2416 2.
803 2358 851 2431 62,
867 2361 890 2418 l.
911 2362 1033 2419 senatus
1054 2362 1156 2440 partes
1176 2358 1247 2418 dicit
1260 2356 1464 2439 Pompeianas.
1495 2355 1610 2415 Deinde
1622 2374 1657 2415 eo
1669 2353 1869 2427 confirmatur,
1919 2414 1923 2421 ,

272 2471 349 2549 quod
367 2470 517 2544 Milonem,
537 2470 649 2532 Catone
670 2471 910 2550 absoluente³²),
930 2471 1051 2554 Pompei
1072 2473 1226 2534 uoluntate
1249 2473 1476 2533 condemnatum
1495 2490 1561 2530 esse
1582 2472 1686 2530 narrat
1707 2468 1745 2547 (2.
1757 2469 1806 2543 47,
1820 2468 1880 2544 4.)

271 2583 335 2644 Nec
363 2590 464 2644 tamen
485 2585 557 2646 satis
578 2584 712 2645 Velleius
731 2586 916 2662 inlustrauit,
943 2606 1000 2667 qno
1022 2588 1108 2648 modo
1129 2587 1312 2670 optimatium
1332 2591 1433 2668 partes
1456 2584 1614 2666 Pompeius
1635 2583 1871 2655 corroborauerit

272 2697 570 2777 (Ρ11111112,278.)
614 2699 664 2760 Nu
691 2700 768 2760 enim
798 2702 836 2761 de
857 2707 1037 2763 commutata
1056 2702 1275 2784 prouinciarum
1294 2700 1597 2763 administrandarum
1618 2699 1713 2759 forma
1735 2697 1801 2774 (Dio
1821 2698 1869 2771 40,
1923 2774 1926 2784 Ι

273 2815 341 2888 56.)
359 2814 401 2873 1111
422 2814 460 2873 de
480 2814 548 2893 lege
569 2815 722 2877 iudiciaria
746 2816 823 2876 dixit
842 2815 913 2894 (Cic.
935 2816 1018 2877 Brut.
1040 2818 1055 2897 ᾖ
1076 2818 1164 2895 321.)

372 2928 444 2989 Post
471 2929 656 2989 consulatum
685 2950 756 2990 uero
775 2930 897 3012 Pompei
922 2932 1044 2992 tertium
1069 2933 1217 3011 utrimque
1244 2931 1356 2993 bellum
1377 2934 1582 3012 praeparatur.
1620 2928 1751 2990 Primam
1770 2930 1870 3015 autem

273 3044 344 3104 belli
364 3044 511 3105 indicendi
532 3044 715 3104 occasionem
736 3045 873 3126 praebuit
891 3045 1063 3120 Marcellus,
1085 3047 1136 3126 qui
1155 3047 1193 3105 de
1213 3065 1385 3106 successore
1408 3045 1530 3107 Caesari
1551 3044 1695 3105 mittendo
1716 3043 1806 3103 etiam
1827 3046 1870 3102 at

273 3178 331 3239 quo
351 3159 440 3220 etiam
463 3159 493 3219 in
516 3159 628 3220 Senatu
648 3161 741 3220 uerba
763 3161 883 3220 iaceret.
922 3160 978 3223 Cui
999 3161 1164 3221 sententiae
1185 3160 1314 3221 occurrit
1337 3159 1425 3221 Curio
1447 3160 1535 3242 (App.
1555 3161 1583 3233 2,
1603 3160 1649 3219 27.
1674 3157 1788 3230 111146,
1809 3158 1869 3234 61.)

272 3273 322 3349 ita,
342 3278 375 3334 ut
395 3279 426 3334 ct
439 3275 599 3336 Caesarem
619 3276 651 3334 et
669 3272 841 3356 Pompeium
862 3274 1028 3335 exercitum
1050 3274 1200 3336 dimittere
1218 3280 1355 3357 oportere
1373 3283 1518 3337 censeret.
1552 3275 1642 3336 Illum
1657 3276 1757 3335 autem
1773 3272 1870 3353 ipsum

273 3389 429 3452 Curionem
456 3387 592 3448 Velleius
625 3388 697 3449 dicit
729 3388 990 3468 flagrantissimam
1025 3389 1095 3450 belli
1122 3390 1217 3450 facem
1241 3391 1402 3451 subiecisse
1428 3392 1466 3470 (2.
1488 3391 1536 3464 48,
1557 3391 1607 3468 3.)
1625 3407 1751 3468 eumque
1776 3387 1869 3447 fuisse

273 3503 400 3563 cundem
422 3502 564 3583 depingit,
583 3523 671 3582 quem
684 3503 739 3563 Dio
759 3505 818 3582 (46,
840 3505 914 3585 etp.
930 3506 1018 3581 656.)
1058 3505 1100 3565 At
1120 3504 1199 3584 quod
1220 3504 1348 3566 dubitari
1370 3505 1449 3582 dicit,
1470 3526 1540 3565 num
1562 3508 1719 3585 corruptus
1739 3502 1777 3562 ad
1798 3500 1871 3563 Cec-

273 3618 349 3678 saris
368 3622 469 3698 partes
489 3617 649 3691 transierit,
670 3617 700 3677 id
722 3637 780 3678 non
799 3617 856 3679 fuit
875 3619 1041 3679 uocandum
1061 3619 1093 3678 iu
1114 3619 1243 3680 dubium.
1284 3619 1361 3681 Nam
1383 3620 1540 3682 Curionem
1558 3639 1627 3679 aere
1650 3618 1745 3679 alieno
1766 3615 1871 3678 11611-

272 3751 341 3792 sare
362 3731 519 3792 liberatum
540 3751 607 3792 esse
628 3735 810 3810 constat³¹).
853 3732 949 3793 Recte
969 3736 1070 3794 autern
1092 3732 1241 3808 Velleius,
1269 3755 1357 3814 quem
1378 3735 1416 3795 ad
1437 3735 1556 3795 modum
1578 3733 1666 3795 Curio
1686 3731 1871 3793 machinatus

272 3846 327 3920 sit,
359 3847 507 3907 describit.
556 3846 633 3908 Nam
653 3847 776 3911 Caesari
796 3848 855 3908 iam
875 3848 995 3909 deditus
1015 3849 1111 3910 multa
1131 3849 1210 3910 etin
1232 3853 1369 3910 senatum
1390 3850 1470 3910 etin
1491 3848 1652 3911 Caesarem
1674 3845 1805 3924 rogauit,
1838 3846 1873 3904 ut

274 3981 340 4022 curn
367 3961 419 4022 illa
442 3962 627 4023 reicerentur
653 3963 692 4022 ad
712 3962 798 4022 huius
820 3966 923 4045 partes
943 3963 1070 4024 transire
1092 3969 1211 4024 coactus
1232 3964 1386 4025 uideretur
1406 3963 1472 4042 (Dio
1494 3965 1542 4037 16,
1565 3964 1633 4039 61.)
1675 3959 1751 4020 Tum
1771 3965 1872 4020 autem

376 4117 417 4173 ³⁰)
438 4117 541 4167 Crassus
564 4121 648 4166 autem
672 4133 688 4165 a
706 4117 801 4167 Surena
824 4120 955 4182 superatur
975 4115 1052 4180 (Plut.
1075 4094 1154 4167 Crass:
1174 4121 1216 4181 21,
1236 4119 1287 4183 6.),
1319 4134 1369 4168 non
1391 4121 1429 4169 nb'
1449 4115 1531 4166 Orode
1552 4116 1594 4182 (V.
1615 4117 1640 4164 2.
1656 4116 1699 4176 46,
1718 4112 1754 4178 4.)
1779 4128 1872 4178 suaque

274 4202 347 4269 culpa
364 4203 390 4251 in
401 4202 535 4268 perniciem
552 4202 664 4252 inrueret
682 4201 1039 4264 (1)11111111111114,98-101.)
1075 4204 1113 4254 De
1125 4204 1183 4255 Atei
1201 4204 1295 4254 tribuni
1313 4201 1531 4267 exsecrationibus,
1549 4218 1610 4267 quas
1627 4201 1687 4252 iecit
1702 4200 1872 4267 proficiscente

276 4290 364 4341 Cmso
385 4289 720 4354 (42,3.),1111Ρ111111111111
739 4290 793 4355 (16,
812 4289 847 4352 3,)
866 4293 892 4339 11
907 4288 956 4338 Ι)1ο
974 4291 1027 4354 (39,
1046 4290 1099 4355 39.)
1116 4290 1162 4343 111.
1181 4291 1231 4342 Cic.
1253 4290 1284 4339 ad
1302 4294 1355 4341 aa.
1375 4294 1399 4341 4.
1421 4292 1462 4352 13,
1483 4292 1508 4339 2.
1543 4290 1602 4339 Non
1623 4288 1726 4339 dubium
1746 4295 1792 4350 est,
1811 4286 1872 4351 quin

276 4374 386 4426 Velleius
404 4381 472 4425 recta
488 4375 635 4425 1111111111.

380 4462 422 4527 ³¹)
442 4466 547 4525 Septimo
570 4478 635 4511 auno
655 4467 713 4528 post
732 4463 860 4513 Caesarem
879 4463 906 4512 in
925 4461 1021 4512 Gallias
1038 4463 1177 4528 proiectum
1192 4464 1260 4515 Iulia
1279 4465 1306 4513 111
1327 4465 1379 4516 eod.
1399 4463 1809 4528 111111111111111111111(2.47,
1828 4460 1871 4525 2.).

275 4554 309 4602 nt
336 4554 399 4604 Iulia
425 4569 509 4602 mense
532 4551 666 4618 septembri
692 4568 714 4602 a.
734 4555 775 4603 53.
801 4558 899 4603 mortua
923 4557 963 4602 est
987 4552 1156 4617 (Dmmannus
1176 4557 1200 4614 3,
1222 4556 1326 4618 76311,
1357 4553 1448 4604 Caesar
1466 4559 1548 4603 antem
1569 4551 1606 4602 Id.
1626 4553 1686 4617 Apr.
1705 4567 1726 4600 1.
1748 4551 1789 4600 59.
1805 4547 1872 4597 diem

274 4640 399 4691 Heluetiis
422 4639 494 4702 dixit,
513 4656 562 4704 qua
582 4638 613 4689 ad
633 4640 714 4705 ipsum
736 4640 895 4690 conuenirent
914 4640 954 4704 (B.
970 4641 1001 4692 G.
1025 4644 1049 4694 1.
1066 4643 1119 4705 ’1,6
1139 4641 1234 4707 Νὶρρ.)
1270 4642 1358 4707 Itaque
1378 4656 1427 4689 neu
1442 4647 1530 4705 quarto
1548 4656 1621 4699 anno,
1640 4643 1668 4689 ut
1684 4637 1797 4687 Kritzius
1816 4634 1874 4685 uult

273 4739 332 4798 post
341 4731 513 4794 Laurentium,
534 4731 577 4782 sed
596 4731 684 4796 quinto
702 4734 760 4795 post
780 4731 919 4796 proiectum
933 4733 1062 4783 (1111111111
1078 4745 1144 4781 auno
1165 4728 1269 4780 decessit
1291 4728 1366 4790 Iulis,
1386 4734 1460 4792 atque
1471 4727 1508 4778 111
1519 4727 1631 4778 Haasius
1648 4725 1755 4791 scripsit.
1792 4723 1872 4779 Quam

274 4819 405 4871 lectionem
416 4819 438 4869 11
447 4835 532 4869 ueram
542 4835 595 4869 1111
606 4817 748 4880 statuimus,
763 4818 837 4868 uelde
847 4817 923 4867 dubia
934 4817 963 4867 flt
974 4816 1057 4867 Kritzi
1067 4814 1161 4879 regula,
1174 4814 1204 4865 de
1215 4813 1338 4880 corruptis
1350 4813 1433 4864 Vellei
1443 4813 1552 4863 numeris
1563 4810 1691 4879 proposita
1708 4807 1874 4872 (xxxma).

274 4904 994 4970 9111111111111111111(1111111111111111111111111
1020 4904 1099 4969 (Plut.
1120 4900 1483 4964 (1111.53,4.Ι)1139,64.
1511 4899 1641 4950 Fabricius
1668 4903 1694 4949 11
1711 4896 1825 4947 Sturzius
1842 4893 1873 4944 ad

274 4994 301 5046 h.
320 4994 337 5044 l.
357 4997 382 5057 5,
403 4992 530 5058 msto)
547 5007 597 5042 non
615 5007 673 5042 sane
687 4992 773 5055 magni
789 4992 900 5042 interest.

377 5080 420 5143 ⁸²)
439 5079 546 5130 Dubitat
559 5078 668 5144 quidem,
686 5095 746 5130 num
765 5079 828 5130 Ceto
841 5095 912 5130 reum
928 5095 986 5130 uere
1004 5077 1142 5128 obsoluerit
1159 5076 1280 5127 Asconius
1298 5072 1331 5125 ad
1343 5073 1393 5125 cio.
1408 5073 1497 5123 Milon.
1510 5074 1543 5124 35
1564 5066 1722 5137 (3111545
1740 5069 1875 5133 Schuetz),

275 5165 321 5217 sed
337 5167 409 5217 nulla
429 5165 559 5217 dubitandi
578 5165 667 5216 idonea
686 5180 773 5216 caussa
791 5170 836 5216 est.

375 5254 417 5317 θ’)
440 5254 460 5304 C
480 5254 533 5306 HS.
553 5253 620 5320 apud
637 5252 703 5304 Vell.
724 5256 747 5303 2.
767 5256 810 5315 48,
826 5254 850 5304 3.
873 5268 923 5302 uon
946 5257 1011 5302 recte
1034 5251 1154 5316 seriptum
1172 5267 1224 5301 esse
1243 5254 1317 5317 putet
1336 5249 1494 5299 Drumannus
1512 5248 1537 5307 3,
1554 5246 1662 5306 39111,
1685 5243 1741 5294 Vel.
1762 5245 1829 5294 Max.
1849 5245 1873 5295 9.

277 5343 336 5407 1,6
364 5339 478 5390 1111111111
491 5340 537 5392 DC
555 5340 613 5392 118.
