4320 5902
862 1706 874 1730 ⁹
901 1718 1013 1799 Pars
1040 1719 1193 1800 altera.

1016 1924 1071 1991 Vl.

339 2062 412 2144 Iam
430 2102 467 2144 eo
485 2082 633 2164 perducta
652 2081 813 2163 disputatio
834 2084 889 2155 est,
911 2085 945 2141 ut
965 2080 1035 2160 quid
1053 2081 1084 2140 iu
1106 2079 1231 2158 singulis
1250 2080 1432 2161 temporibus
1454 2080 1658 2141 describendis
1669 2079 1846 2144 Velleiuar·

237 2196 314 2259 ratio
348 2196 464 2272 ualeat,
496 2197 687 2259 considerare
719 2196 875 2278 possimus.
928 2195 997 2266 tlua
1026 2195 1058 2256 in
1084 2214 1118 2254 re
1145 2200 1178 2254 et
1195 2195 1336 2277 temporis
1356 2195 1428 2256 crdo
1449 2199 1481 2255 et
1500 2196 1630 2257 maxime
1651 2196 1845 2276 singulorum,

237 2282 293 2392 qui
319 2312 352 2372 in
371 2332 487 2392 quoque
507 2312 694 2386 eminebant,
730 2312 861 2372 uirorum
880 2310 1001 2389 ingenia
1019 2311 1207 2372 obseruanda
1235 2317 1313 2371 sunt
1355 2311 1429 2372 Cum
1452 2311 1529 2370 enim
1550 2310 1686 2371 Velleius
1712 2311 1755 2373 ita
1774 2312 1845 2374 scri-

238 2427 310 2488 bere
330 2426 438 2500 soleat‚
461 2434 495 2488 ut
516 2427 606 2501 uiros,
628 2427 733 2506 quales
754 2427 873 2501 suerint,
894 2430 964 2487 aute
985 2425 1083 2487 omnia
1102 2425 1263 2498 describat,
1281 2425 1388 2486 deinde
1409 2444 1484 2504 quaa
1506 2445 1555 2485 res
1572 2426 1722 2504 gesserint
1736 2416 1846 2488 ¹adiun-

237 2545 307 2620 gat,
341 2542 428 2602 facile
449 2560 500 2601 res
520 2542 677 2623 procedet,
711 2540 1021 2601 siemiueutissimum
1041 2560 1189 2620 quemque
1209 2541 1333 2614 aetatis,
1365 2541 1484 2620 qualem
1510 2539 1644 2600 Velleius
1665 2541 1844 2622 depinxerit,

238 2655 394 2736 qualisque
413 2675 486 2717 uere
508 2656 600 2717 luisse
619 2656 772 2731 uideatur,
795 2656 904 2717 ceteris
926 2655 1067 2730 adiectis,
1087 2656 1138 2735 qui
1158 2655 1279 2716 minoris
1299 2656 1439 2716 momenti
1459 2655 1615 2727 uidentur,
1636 2656 1845 2738 contemplabi-

238 2793 313 2834 mur.
356 2771 420 2833 lllec
439 2779 539 2834 tamen
560 2774 666 2847 omnia,
684 2791 761 2853 quae
784 2771 920 2832 Velleius
940 2771 1101 2852 memoriae
1116 2771 1249 2845 tradidit,
1269 2770 1312 2831 ita
1330 2771 1472 2831 uidentur
1494 2770 1694 2831 examinanda
1713 2791 1791 2845 esse,
1811 2774 1846 2831 ut

239 2909 306 2950 cum
328 2887 381 2962 eis,
402 2906 478 2967 quae
499 2887 550 2948 alii
566 2888 605 2947 de
625 2887 721 2947 isdem
740 2889 829 2947 rebus
850 2887 1033 2968 scripserint,
1054 2886 1228 2964 singillatim
1248 2891 1464 2967 comparentur.
1524 2886 1584 2946 Sed
1604 2886 1642 2945 de
1665 2886 1708 2945 eis
1729 2892 1845 2947 tantum

172 3051 182 3066 .
240 3002 447 3064 disserendum
468 3006 524 3076 est,
550 3001 657 3080 quibus
679 3001 826 3081 quaedam
848 3000 946 3060 Vellei
966 3000 1085 3082 propria
1105 3000 1256 3061 continent
1293 3046 1300 3060 .

341 3117 444 3197 Atque
464 3116 495 3177 in
515 3115 559 3176 eis
580 3115 716 3196 quidem,
749 3135 825 3194 quae
848 3122 917 3177 aute
940 3115 1067 3177 Romam
1087 3116 1236 3176 conditam
1259 3115 1396 3176 euenisse
1416 3123 1592 3190 narrantur,
1621 3115 1844 3177 considerandis
1951 3181 1953 3184 ,

121 3303 125 3309 ,
238 3252 298 3295 uon
316 3237 365 3294 est
381 3252 491 3314 operas
512 3231 641 3314 pretium
661 3231 773 3293 diutins
794 3232 976 3293 commorari
1009 3232 1169 3313 (Sauppius
1192 3234 1248 3293 145
1268 3232 1325 3311 sq.)
1366 3230 1444 3291 Nam
1465 3230 1503 3290 de
1520 3230 1609 3305 Ione,
1636 3230 1687 3310 qni
1707 3231 1795 3293 Ioues
1814 3230 1846 3292 in

238 3347 344 3409 Asiam
363 3347 472 3408 dicitur
492 3346 616 3407 duxisse
637 3350 677 3426 (l.
695 3349 724 3422 4,
739 3348 795 3424 3.),
816 3347 858 3407 uil
878 3348 1049 3409 addendum
1070 3352 1126 3423 est,
1146 3348 1203 3408 nisi
1225 3354 1292 3429 post
1313 3353 1357 3408 tot
1376 3352 1518 3426 tantaque
1540 3347 1694 3408 conamina
1708 3347 1781 3408 nibil
1793 3366 1844 3410 no-

238 3463 285 3525 bis
314 3463 418 3524 relicui
448 3464 559 3524 lactum
579 3482 658 3524 esse.
707 3461 774 3524 Nou
794 3463 914 3524 maioris
935 3470 1005 3525 sunt
1024 3463 1180 3539 momenti,
1214 3481 1291 3543 quae
1313 3462 1352 3521 de
1375 3461 1471 3522 Roma
1492 3461 1640 3523 Parilibus
1668 3461 1786 3523 condita
1805 3461 1844 3522 de

239 3579 325 3660 asylo
347 3578 386 3638 de
407 3576 539 3659 patriciis
555 3578 627 3638 trita
646 3597 682 3638 ao
704 3577 839 3656 uolgaria
859 3584 1027 3640 narrantur.
1062 3578 1151 3649 Quod
1172 3583 1273 3639 autem
1287 3577 1419 3637 Kritaius
1439 3576 1601 3655 (XXXXI
1616 3578 1673 3657 sq.)
1694 3577 1844 3656 sagaciter

240 3693 393 3775 exposuit,
427 3691 577 3754 Velleium
599 3712 711 3768 aeram,
743 3711 821 3773 quae
842 3693 957 3769 dicitur,
991 3693 1184 3755 Catonianam
1207 3713 1275 3753 oum
1295 3691 1481 3754 Varroniano
1501 3692 1684 3766 confudisse,
1713 3696 1747 3753 ut
1764 3709 1843 3753 nuno

239 3807 317 3869 hauc
342 3826 420 3868 nunc
439 3808 522 3868 illam
541 3807 572 3867 iu
594 3806 770 3867 definiendis
791 3807 876 3867 annis
897 3826 952 3888 per
974 3806 1198 3886 neglegentiam
1217 3815 1410 3885 sequeretur,
1441 3807 1473 3868 id
1493 3827 1639 3869 summam
1658 3808 1750 3868 habet
1768 3806 1845 3868 neri·

239 3922 310 3984 tatis
330 3921 467 4004 speciem
509 3920 621 3983 Narrat
642 3921 721 3982 euim
738 3919 873 3981 Velleius
894 3923 933 4002 (l.
956 3921 983 3996 8,
1006 3924 1056 3998 4.),
1078 3920 1205 3981 Romam
1224 3903 1372 3982 conditam
1393 3941 1460 3981 esse
1479 3927 1569 3982 sexta
1588 3922 1758 4003 olympiade
1778 3925 1848 4004 post

239 4034 348 4097 XXII.
370 4055 464 4097 annos
484 4036 512 4097 h.
528 4055 554 4096 c.
573 4035 704 4098 nondum
730 4035 836 4114 uiginti
861 4035 956 4096 tribus
975 4035 1060 4096 anuis
1080 4039 1148 4117 post
1168 4034 1309 4116 Olympia
1330 4035 1448 4097 condita
1467 4036 1605 4118 expletis.
1649 4037 1725 4098 Cum
1745 4042 1847 4097 autem

239 4150 426 4233 olympiades
444 4151 483 4210 ab
503 4169 580 4211 auno
598 4152 665 4213 776.
686 4170 713 4212 a
727 4152 795 4214 (ihr.
819 4156 922 4212 natum
941 4151 1093 4212 numerari
1113 4155 1236 4233 coeptae
1258 4150 1326 4225 sint,
1346 4151 1480 4230 sequitur
1498 4149 1626 4212 Romam
1646 4151 1795 4213 conditam
1814 4151 1846 4213 in

239 4266 345 4328 1753.
366 4264 506 4325 incidere.
543 4265 644 4344 Atque
664 4265 706 4326 ita
718 4264 817 4326 Varro
840 4266 952 4327 statuit.
989 4266 1100 4328 Contra
1111 4264 1186 4328 Cato
1204 4284 1230 4326 a.
1243 4266 1298 4326 751
1322 4285 1348 4326 a.
1366 4263 1399 4328 O.
1414 4265 1562 4327 conditam
1578 4256 1646 4327 esse
1658 4268 1764 4327 urbem
1779 4286 1847 4327 cen·

240 4386 294 4456 set,
317 4399 387 4441 cum
406 4379 488 4441 urbis
508 4378 622 4440 initium
643 4378 761 4461 Olymp.
783 4379 856 4454 VH,
882 4383 905 4440 1.
927 4385 1025 4461 ponat.
1078 4380 1139 4442 Sed
1160 4379 1294 4440 Kritzius
1324 4380 1378 4441 has
1400 4399 1488 4442 aeras
1510 4380 1658 4441 Velleium
1676 4381 1845 4443 confudisse

238 4499 275 4557 ut
290 4495 484 4570 demonstret,
504 4494 594 4554 ualde
616 4493 717 4573 fragili
739 4493 832 4555 utitur
852 4500 1036 4574 argumento.
1076 4493 1196 4555 Etenim
1218 4495 1297 4574 qnod
1315 4495 1366 4555 ille
1387 4497 1425 4574 (l.
1441 4497 1487 4569 14,
1506 4497 1547 4573 6.)
1568 4495 1685 4557 Sabinis
1706 4496 1795 4558 Curio
1814 4500 1847 4557 et

239 4608 348 4675 Ruliuo
368 4628 442 4671 coss.
463 4608 615 4670 ciuitatem
630 4607 694 4669 siue
704 4607 846 4688 suffragio
856 4607 958 4669 datam
968 4627 1036 4668 esse
1049 4607 1120 4669 dicit
1141 4605 1394 4683 „abbiucanuoo
1406 4607 1544 4694 ferme
1566 4608 1744 4675 OOOXXJ‘
1764 4617 1846 4691 (nam

238 4723 281 4786 ita
308 4726 384 4785 bene
412 4742 467 4805 pro
488 4720 670 4786 CCCXXX.
691 4722 825 4783 correxit
842 4721 997 4799 Burerius)
1023 4722 1055 4783 id
1073 4723 1191 4784 etiarnsi
1210 4721 1428 4785 Varronianam
1448 4745 1549 4787 aeram
1569 4728 1623 4787 hoc
1643 4726 1707 4788 loco
1724 4731 1845 4788 secutus

239 4840 301 4913 est,
328 4836 392 4899 sine
422 4835 512 4897 dnbio
539 4839 621 4897 recte
642 4835 721 4898 dicit
767 4835 839 4899 (luri
858 4836 935 4896 enim
955 4838 1125 4899 consulatus
1144 4837 1247 4898 incidit
1264 4858 1323 4898 uon
1343 4838 1374 4899 iu
1395 4859 1420 4900 a.
1440 4841 1523 4915 463„
1544 4846 1578 4900 ut
1596 4840 1728 4902 Kritnius
1751 4846 1846 4923 putat,

240 4948 295 5012 sled
314 4951 345 5012 iu
364 4970 390 5013 a
409 4953 476 5013 464.
499 4950 632 5031 (Petrum,
652 4953 710 5013 tab.
734 4951 801 5012 hist
818 4951 904 5012 Rom.
925 4953 1017 5013 42³2.
1047 4951 1275 5026 Mommseuius‚
1296 4951 1334 5022 H,
1355 4953 1392 5014 R.
1418 4958 1442 5026 l,
1461 4955 1541 5030 353.)
1592 4954 1725 5016 Vinicius
1746 4962 1848 5019 autem

240 5065 404 5126 secundum
425 5086 527 5128 aeram
540 5063 756 5127 Varronianam
777 5067 880 5127 consul
893 5067 1029 5128 suitanui
1042 5068 1108 5130 783.
1147 5067 1252 5147 ltaque
1265 5074 1346 5128 recte
1358 5070 1845 5145 anniefficiuuturCCCXVlIIL,

243 5180 294 5261 qui
312 5184 382 5242 sunt
399 5181 469 5243 anui
480 5179 590 5265 ferme
610 5179 758 5244 OCCXX
817 5181 1012 5261 Argumentis
1033 5201 1106 5243 vero
1127 5183 1236 5242 ceteris
1255 5203 1296 5243 ex
1317 5183 1476 5245 Laurentio
1497 5185 1597 5265 petitis
1616 5185 1749 5247 Kritzius
1766 5187 1848 5248 euin·

240 5296 289 5370 cit,
318 5292 468 5357 Velleium
489 5314 577 5357 aeras
599 5295 827 5369 commiscuisse.
