4290 5902
1045 532 1088 624 lu

266 703 393 764 formam
412 702 450 763 ab
469 698 550 761 sslius
567 700 710 782 temporis
729 699 926 760 uehementer
945 698 1118 780 dbcmpare
1136 698 1254 760 omnino
1272 716 1331 760 non
1347 694 1448 760 sentit.
1491 696 1630 777 Namque
1646 697 1726 759 inter
1738 716 1870 760 summas

268 815 424 880 0111111111
455 815 561 876 laudes
586 815 618 876 id
641 832 759 895 qnoque
785 814 917 875 refertur
947 813 987 893 (2.
1008 813 1062 888 89,
1088 813 1144 891 2),
1173 812 1254 893 quod
1288 813 1417 895 priscam
1441 811 1524 874 illam
1555 813 1681 874 formam
1709 812 1871 875 reuocauit.

267 931 356 1003 Quod
376 949 448 991 num
467 948 541 990 uere
564 930 707 1004 senserit,
736 948 804 990 oum
828 929 869 990 de
887 927 1045 991 0611111111
1063 928 1202 990 laudibus
1223 928 1276 990 illa
1295 946 1356 990 una
1375 928 1499 1010 dempta
1516 928 1559 988 nil
1578 944 1652 989 sane
1672 926 1870 1001 deminuatur,

267 1064 327 1108 non
350 1044 547 1106 dubitandum
570 1063 639 1106 csse
665 1044 812 1105 existimo.
852 1043 889 1104 Id
911 1046 1011 1105 antem
1031 1042 1130 1126 ipsum
1150 1060 1188 1105 eo
1206 1042 1411 1119 confirmatur,
1439 1042 1519 1124 quod
1537 1043 1617 1104 inter
1637 1042 1799 1124 Scipiones,
1819 1040 1871 1122 qui

268 1159 413 1224 aLaeliis
430 1158 524 1221 adiuti
546 1159 720 1235 „foramem
739 1165 849 1221 suam“
870 1158 1106 1238 gubernauorint
1125 1158 1243 1237 (2127.
1265 1159 1313 1236 1.),
1335 1160 1369 1218 61
1387 1157 1467 1218 inter
1488 1157 1706 1220 Gomncauium
1726 1156 1871 1220 Catonem

268 1275 444 1338 Mummium
464 1273 653 1349 Ciceronem,
674 1273 725 1353 qni
743 1273 842 1355 priore
862 1275 997 1356 tempore
1015 1272 1180 1334 eminentes
1199 1273 1231 1333 iu
1252 1272 1405 1354 republica
1423 1272 1550 1348 1111111,
1572 1275 1663 1352 atque
1684 1272 1764 1334 inter
1783 1271 1873 1334 Octa·

267 1389 389 1452 sianum
422 1396 454 1451 et
482 1386 632 1453 Tiberium
662 1407 720 1450 non
752 1388 796 1449 ita
824 1406 965 1468 magnam
996 1388 1089 1448 fuisse
1113 1386 1313 1455 differentiam
1343 1390 1477 1449 statuere
1503 1387 1631 1447 uidetur.
1682 1385 1872 1467 Quamquam

268 1522 390 1588 prorsus
411 1522 463 1565 eos
482 1503 605 1584 aequari
623 1522 683 1564 non
702 1502 831 1564 dixerim
849 1502 1010 1584 (Senppius
1028 1501 1113 1580 rba).

1019 1806 1098 1871 llll.

371 1958 432 2019 Sed
458 1961 559 2018 umen
582 1957 641 2017 ista
664 1962 697 2016 et
720 1956 870 2017 iudicandi
886 1960 918 2017 et
937 1957 1079 2018 narrandi
1098 1957 1207 2018 leuitas
1228 1976 1286 2017 non
1305 1958 1412 2018 eadem
1431 1961 1480 2018 est
1498 1976 1553 2038 per
1573 1961 1668 2018 totum
1686 1957 1871 2039 opusculum.

269 2072 388 2134 Etenim
409 2072 460 2153 qui
479 2071 612 2132 libellum
630 2071 808 2154 perlegerit,
836 2071 933 2153 priore
960 2078 1046 2154 parte
1074 2091 1175 2132 rerum
1200 2071 1287 2132 modo
1314 2090 1461 2133 summam
1482 2071 1613 2150 adtingi,
1637 2071 1801 2153 posteriore
1823 2090 1873 2132 nes

269 2187 365 2248 fusius
391 2186 525 2248 enarrari
550 2186 714 2267 intelleget
752 2185 841 2256 Quod
867 2205 926 2247 non
952 2186 1104 2283 difficilem
1128 2187 1219 2247 habet
1254 2185 1446 2267 explicatum.
1485 2183 1622 2246 Velleius
1648 2185 1727 2246 enim
1746 2185 1813 2274 ipse
1830 2192 1874 2248 te-

270 2307 381 2377 statur,
410 2321 444 2362 se
470 2301 642 2363 uniuersum
668 2301 744 2362 illud
768 2309 901 2383 tempus,
927 2303 1006 2381 quod
1034 2307 1082 2362 est
1101 2301 1180 2362 inter
1195 2300 1276 2362 bella
1295 2300 1394 2362 ciuilia
1410 2304 1501 2381 atque
1520 2296 1621 2361 Tiberi
1639 2318 1782 2380 regnum,
1802 2301 1874 2362 scri-

270 2417 371 2500 ptione
391 2416 447 2478 sibi
467 2416 630 2499 sumpsisse
649 2414 876 2477 inlustrandum.
916 2416 981 2478 Hoc
1003 2416 1143 2496 inopere
1168 2416 1244 2495 (sive
1265 2415 1352 2497 plura
1370 2432 1462 2496 opera
1480 2415 1582 2476 futura
1597 2421 1699 2476 erantr
1725 2414 1874 2498 Sanppius

273 2532 339 2594 143.
357 2530 489 2592 Kritzius
508 2529 592 2608 XV.)
617 2550 637 2592 a
663 2549 791 2610 quonam
819 2536 952 2613 tempore
979 2530 1095 2591 initium
1119 2529 1268 2591 scribendi
1294 2530 1428 2590 factiuns
1454 2529 1558 2604 luerit,
1585 2529 1752 2591 existimari
1774 2533 1875 2612 potest

271 2645 466 2707 consideratis
492 2645 536 2706 eis
561 2645 677 2722 uerbis,
700 2615 807 2725 quibus
823 2646 951 2728 primum
977 2646 1016 2705 de
1035 2644 1156 2705 consilio
1177 2664 1230 2704 nos
1247 2643 1367 2719 edocet,
1391 2645 1418 2705 2.
1437 2644 1486 2718 48,
1507 2646 1535 2704 5.
1577 2644 1638 2705 Vbi
1658 2650 1815 2727 postquam
1834 2644 1873 2705 ds

271 2759 410 2824 Caesaris
429 2759 609 2841 Pompeique
630 2760 778 2822 discordia
799 2760 896 2840 deque
910 2759 1045 2823 Curionis
1065 2758 1193 2820 consiliis
1211 2758 1360 2832 disseruit,
1382 2758 1491 2819 haecce
1512 2757 1615 2819 adicit:
1634 2758 1763 2821 Horam
1777 2780 1873 2843 prce·

274 2875 616 2960 tantorumqueremm
632 2874 708 2937 ordo
720 2898 789 2938 euos
805 2877 900 2938 iesca
910 2872 1044 2937 alconem
1056 2871 1272 2937 coturnicibus
1278 2883 1455 2957 promatur,
1477 2883 1553 2951 1111,
1570 2873 1623 2936 ati
1631 2895 1734 2957 opero,
1755 2875 1874 2937 noema

274 2987 491 3074 mplrbabr‘tar.
546 2986 683 3071 Adqbsret
708 2989 815 3068 igitur,
848 3008 917 3048 eum
949 2992 1018 3050 ante
1046 2989 1144 3049 omnia
1170 2988 1282 3049 bellum
1311 2987 1398 3048 ciuile
1425 2987 1554 3049 alterum
1580 2988 1703 3049 historia
1728 2988 1874 3071 conplecti

272 3102 412 3179 nolumse,
433 3103 606 3185 praemissis
629 3103 687 3178 eis,
710 3103 817 3183 quibus
838 3103 913 3164 illud
933 3110 965 3164 et
985 3108 1083 3165 ortum
1096 3109 1134 3163 et
1154 3103 1248 3163 lotum
1268 3120 1336 3162 esse
1355 3101 1517 3163 uideretur.
1562 3102 1669 3182 Neque
1688 3107 1790 3164 tamen
1806 3103 1875 3165 illas

273 3217 345 3279 belli
365 3217 461 3278 ciuilis
480 3236 602 3279 caussas
620 3218 710 3279 altius
729 3216 880 3278 Velleium
905 3218 1101 3300 repetiturum
1121 3217 1229 3293 inisse,
1256 3216 1408 3299 probabile
1429 3220 1484 3277 est
1521 3217 1710 3296 Quamquam
1729 3217 1808 3278 enim
1828 3237 1875 3294 ea,

272 3350 349 3412 quae
373 3337 516 3393 renouato
539 3333 729 3401 triumuiratu
753 3332 861 3395 effecta
887 3337 970 3393 sunt:
1006 3331 1127 3413 Pompei
1148 3330 1307 3411 Crassique
1337 3330 1535 3405 consulatum,
1555 3337 1732 3413 prorogatae
1751 3332 1875 3395 Caesari

273 3446 449 3528 prouincias,
469 3446 577 3509 Crasso
599 3448 752 3508 decretam
772 3447 843 3508 belli
853 3447 985 3509 Parthici
1004 3447 1288 3538 administrationem
1307 3446 1442 3528 pluribus
1460 3447 1592 3528 exponit,
1612 3445 1712 3508 Lucae
1736 3466 1788 3508 eos
1808 3466 1876 3509 oon-

276 3560 410 3636 nemeae,
429 3560 656 3622 adcurrentibus
676 3563 857 3644 principibus
882 3562 954 3643 reip.
978 3562 1058 3637 uiris,
1083 3562 1200 3622 silentio
1223 3561 1436 3643 praetermittit
1460 3563 1499 3641 (2
1516 3562 1565 3636 46,
1589 3562 1701 3622 1112.
1725 3564 1778 3622 osr.
1795 3561 1875 3623 Plut.

275 3673 362 3739 Caes.
382 3677 437 3751 21,
458 3676 486 3736 2.
506 3676 633 3758 Appiam
653 3675 687 3736 Β.
709 3676 741 3739 C.
763 3677 798 3751 2,
823 3678 867 3738 17.
897 3676 1088 3738 Drumannus
1108 3679 1136 3751 3,
1156 3678 1245 3753 263.).
1291 3675 1456 3736 Praeterea
1482 3675 1617 3736 Velleius
1644 3678 1682 3737 de
1707 3676 1876 3738 Delmatiae

274 3789 382 3850 ilnibns
407 3789 563 3870 regionum
588 3790 648 3851 situ
673 3790 843 3852 fluminibus
863 3791 1088 3870 nationibusll.
1112 3793 1167 3867 911,
1188 3793 1238 3869 3.),
1266 3792 1304 3851 de
1328 3790 1410 3850 luctu
1437 3789 1566 3852 ciuitatis
1596 3790 1714 3853 liberio
1734 3791 1875 3854 Rhodum

275 3903 448 3967 discedente
464 3905 523 3984 (99,
538 3905 593 3983 2.),
615 3904 653 3964 de
673 3905 784 3984 gaudio
805 3906 946 3988 adoptato
964 3903 1083 3967 Tiberio
1103 3908 1183 3986 (103,
1202 3908 1257 3983 4.),
1283 3905 1322 3965 de
1341 3905 1487 3966 Delmatia
1505 3905 1723 3986 Pannoniisque
1749 3907 1876 3969 deuictis

276 4020 356 4097 (114,
376 4021 432 4097 4.),
460 4019 498 4079 de
519 4018 652 4082 Variana
672 4020 757 4081 clade
780 4022 860 4100 (119,
880 4022 922 4099 2.)
948 4021 979 4080 in
1005 4020 1056 4081 illo
1083 4020 1194 4081 maiore
1215 4039 1305 4102 opere
1324 4020 1530 4101 disputaturum
1550 4023 1624 4082 erat.
1666 4019 1753 4092 Quae
1778 4022 1877 4084 omnia

276 4132 398 4194 disertis
422 4134 523 4194 uerbis
550 4134 761 4210 adfirmentur,
789 4140 824 4196 nt
845 4135 886 4195 nil
913 4135 995 4196 dubii
1019 4134 1159 4196 uideatur
1186 4134 1327 4215 relinqui,
1351 4134 1422 4214 quin
1442 4133 1578 4196 Velleius
1603 4153 1677 4196 uere
1704 4136 1779 4198 illud
1800 4154 1876 4220 opus

276 4247 436 4329 aliquando
460 4249 645 4310 conscribere
671 4249 839 4311 instituerit.
894 4249 1007 4312 Contra
1033 4249 1182 4331 Sauppius
1206 4249 1270 4311 143.
1300 4249 1473 4310 uniuersum
1502 4250 1557 4311 hoo
1581 4251 1735 4312 consilium
1759 4251 1876 4313 omuino

276 4382 346 4424 eum
372 4363 450 4425 serio
471 4363 568 4426 animo
587 4365 719 4426 16111116
737 4369 837 4445 negat.
880 4364 940 4427 Sed
960 4364 1040 4426 inter
1058 4364 1248 4425 scribendum
1267 4382 1308 4424 ex
1328 4365 1483 4446 repentino
1505 4365 1635 4445 quodam
1654 4365 1744 4427 animi
1762 4365 1876 4447 impeto

275 4477 350 4539 illud
370 4478 397 4538 ei
414 4478 565 4553 1111111111,
585 4478 664 4558 quod
685 4482 789 4561 postea
808 4480 948 4541 omiserit.
984 4478 1084 4549 Quam
1097 4478 1263 4560 opinionem
1282 4479 1340 4540 etsi
1360 4478 1509 4560 Sanppius
1521 4478 1621 4540 Vellei
1640 4481 1739 4542 animo
1758 4479 1877 4540 adcom-

277 4594 429 4655 modatam
448 4610 516 4653 esse
538 4593 689 4668 adfirmat,
711 4597 812 4655 tamen
833 4614 892 4655 non
911 4597 983 4676 puto
1003 4612 1071 4654 cam
1090 4596 1160 4675 apte
1181 4592 1330 4654 consiliam
1349 4612 1439 4676 posse
1458 4597 1579 4655 etcum
1599 4593 1877 4657 commemoratione

275 4707 356 4770 illius
381 4707 484 4769 consili
508 4708 618 4769 totiens
643 4709 786 4789 repetita,
814 4712 846 4769 et
870 4728 937 4770 oum
963 4727 1008 4782 eo,
1043 4708 1122 4788 quod
1148 4707 1277 4769 alterum
1298 4708 1432 4790 opusculi
1450 4712 1568 4790 partem
1587 4727 1629 4770 ex
1647 4710 1760 4772 maiore
1776 4728 1877 4771 rerum

277 4822 443 4903 cognitione
463 4823 627 4904 prolectam
646 4842 713 4883 esse
733 4824 922 4885 manifestum
942 4827 998 4884 eet
1030 4822 1127 4884 Multo
1146 4822 1225 4883 enim
1242 4822 1385 4884 audacius
1405 4826 1496 4903 atque
1516 4824 1567 4899 ita,
1590 4831 1625 4885 ut
1643 4844 1694 4885 res
1707 4825 1735 4885 ei
1747 4825 1878 4887 notiores

277 4956 345 4999 esse
366 4937 525 5019 adpareat,
551 4956 652 4998 rerum
676 4937 810 4998 ordinem
834 4937 984 4999 describit
1035 4937 1124 5008 Quod
1148 4940 1220 4997 bruc
1244 4937 1405 5019 praecipue
1431 4938 1694 5013 animaduertitur,
1730 4957 1799 4999 cum
1818 4958 1878 5000 non

278 5051 376 5127 nulla,
399 5051 571 5133 priusquam
595 5053 736 5135 temporis
762 5053 840 5113 serie
868 5053 907 5114 ad
933 5071 971 5115 61
996 5053 1170 5129 deducitur,
1198 5051 1309 5113 inserit.
1358 5051 1407 5114 lta
1434 5052 1470 5114 fit
1485 5052 1518 5113 in
1536 5052 1734 5134 depingendis
1755 5052 1876 5137 Pompei

277 5167 384 5248 Magni
402 5168 541 5243 moribus,
561 5172 597 5228 ut
615 5158 676 5229 'non
696 5186 784 5249 posse
804 5165 910 5228 mirum
930 5166 1024 5229 uideri
1043 5169 1220 5250 exponatur,
1242 5166 1321 5247 quod
1341 5166 1389 5227 nir
1408 5167 1477 5229 talis
1489 5165 1629 5230 Caesaris
1648 5168 1877 5231 aemulationem

278 5281 310 5344 in
335 5281 467 5344 secundo
486 5282 642 5344 consulatu
661 5280 791 5363 petendo
815 5300 875 5342 non
892 5281 1066 5343 sustinuerit
1084 5282 1125 5363 (2,
1140 5284 1189 5346 30.
1209 5284 1260 5360 5.).
1308 5281 1396 5343 Idem
1418 5282 1485 5342 fers
1506 5280 1587 5343 cadit
1609 5280 1640 5342 in
1659 5283 1876 5364 prouinciarum
