4320 5902
1058 555 1104 627 27

280 720 373 783 mimi
391 720 551 800 ingenique
574 720 660 780 dotes
681 718 816 780 Velleius
837 728 993 781 enumerat
1012 719 1195 792 omittemus;
1213 738 1292 799 quae
1312 738 1381 780 eum
1401 720 1509 782 lesisse
1529 725 1633 782 narrat
1652 721 1881 785 consideremus

280 834 329 897 Ac
348 835 476 916 primum
495 834 616 913 quidem
637 834 674 893 de
695 833 886 895 triumuiratu
905 833 1120 915 dispiciendum
1139 838 1194 894 est.
1231 833 1323 897 Cuius
1341 853 1467 896 caussae
1487 854 1506 897 a
1523 835 1639 897 Velleio
1659 855 1718 898 non
1738 841 1799 898 tam
1818 838 1881 900 alte

278 956 467 1031 repetrmtur,
487 968 577 1028 quam
596 948 737 1008 indentur
756 966 824 1008 esse
845 949 1034 1030 repetendae.
1069 948 1129 1010 Sed
1152 948 1258 1028 quibus
1271 950 1361 1011 rebus
1376 950 1534 1032 praecipue
1546 951 1683 1013 commoti
1694 951 1763 1026 sint,
1785 951 1882 1014 utillo

279 1063 346 1146 ipso
366 1070 500 1145 tempore
520 1062 670 1144 potentiae
691 1063 864 1124 societatem
890 1062 1007 1137 inirent,
1028 1068 1111 1124 recte
1129 1063 1262 1145 explicet
1280 1065 1318 1144 (2
1334 1066 1383 1140 44,
1393 1066 1442 1142 2.).
1477 1064 1596 1146 Quippe
1617 1064 1730 1127 Caesar
1751 1067 1881 1127 nondum

279 1179 356 1241 satis
374 1178 482 1238 uirium
504 1178 647 1251 habebat,
674 1182 709 1238 ut
727 1176 882 1258 Pompeio,
902 1177 1065 1241 clarissimo
1084 1177 1148 1239 sine
1170 1178 1259 1240 dubio
1278 1179 1358 1240 illins
1378 1179 1518 1260 temporis
1538 1180 1717 1261 imperatori,
1738 1180 1880 1243 resistere

279 1300 384 1377 posset
400 1292 468 1371 (Dio
485 1294 534 1365 37,
555 1293 624 1367 55.)
663 1290 829 1372 Pompeius,
849 1292 901 1371 qui
919 1311 1060 1370 magnam
1079 1312 1180 1353 renim
1202 1293 1336 1375 potirmdi
1356 1299 1427 1354 tuno
1446 1294 1695 1374 opportunitatem
1716 1296 1882 1357 cunctando
1928 1373 1929 1378 ἵ

280 1406 496 1491 praetermisit,
522 1407 562 1468 ad
588 1407 704 1467 initium
731 1406 870 1467 curriculi
893 1407 1021 1468 reiectus
1034 1398 1127 1481 erat,
1153 1410 1187 1467 nt
1211 1408 1276 1488 ipso
1303 1427 1380 1487 quae
1407 1408 1500 1469 uellet
1520 1428 1559 1477 ‚se
1579 1408 1641 1468 suis
1661 1408 1773 1469 uiribus
1794 1409 1881 1491 perfi·
1993 1430 2012 1455 ··

280 1541 351 1585 oure
375 1541 435 1582 non
464 1541 551 1603 posse
577 1521 775 1600 intellegeret.
816 1520 894 1582 ll'am
915 1541 983 1581 eum
1003 1541 1040 1581 ea
1060 1521 1110 1582 uia
1130 1521 1224 1581 semel
1244 1522 1399 1601 ingressus
1419 1526 1515 1597 esset,
1538 1527 1571 1584 ut
1592 1541 1669 1602 quae
1690 1523 1780 1585 armis
1801 1524 1882 1585 tacil-

283 1636 351 1699 lime
372 1636 505 1697 obtinere
526 1644 635 1718 posset,
657 1655 694 1696 ea
714 1635 831 1715 legibue
852 1635 974 1716 adipisci
997 1646 1163 1710 conaretur,
1183 1636 1309 1696 aliorum
1330 1637 1425 1697 auxili
1442 1644 1545 1698 eontra
1561 1635 1705 1699 Catonem
1726 1638 1881 1699 Senatum·

284 1770 339 1831 que
361 1750 523 1829 indigebat,
544 1758 578 1810 ut
595 1751 630 1823 is,
651 1770 740 1829 quem
759 1750 789 1809 in
802 1749 875 1810 Asia
896 1755 1006 1810 statum
1026 1749 1203 1824 induxisset,
1224 1751 1369 1812 aSenatu
1383 1760 1467 1811 ratus
1480 1751 1649 1812 haberetur.
1683 1751 1770 1821 Quod
1790 1752 1881 1812 111111-

216 1870 222 1885 ·
282 1868 343 1940 ret,
371 1885 429 1925 non
450 1865 537 1925 modo
557 1864 652 1925 omnis
671 1884 708 1926 ea
729 1884 805 1944 quae
825 1870 960 1925 maneret
980 1864 1111 1945 potentia
1132 1865 1160 1924 ei
1179 1865 1320 1946 adempta
1339 1869 1435 1939 esset,
1462 1865 1517 1926 sed
1538 1866 1570 1927 in
1590 1865 1697 1926 ciuium
1717 1866 1879 1947 prouincia·

280 1998 405 2058 rumque
431 1988 632 2059 contemptum
661 1998 693 2039 se
716 1978 903 2039 incursurum
932 1999 999 2039 esse
1027 1979 1157 2040 uidebat.
1199 1979 1326 2041 Crassus
1347 1979 1474 2059 denique
1495 1980 1641 2059 regnandi
1661 1980 1786 2062 cupidus
1808 1986 1883 2057 erat,

279 2093 351 2155 nihil
371 2113 487 2165 curans,
510 2103 609 2153 utrum
630 2093 724 2174 primo
746 2113 785 2153 an
805 2093 935 2154 secundo
955 2094 1019 2154 loco
1041 2093 1235 2154 constitueret
1272 2140 1278 2152 .
1353 2088 1356 2095 '

378 2208 444 2268 lam
465 2227 537 2266 uero
559 2207 771 2267 llouinisenius
795 2208 858 2267 195.
887 2216 1002 2280 narrat,
1030 2215 1092 2267 tres
1119 2207 1207 2281 uiros,
1234 2210 1268 2266 ut
1288 2227 1364 2287 quae
1381 2207 1494 2266 uellent
1511 2209 1697 2288 perficerent,
1717 2209 1878 2272 Caesarem

279 2322 430 2383 consulem
451 2321 565 2384 fecisse.
606 2320 670 2381 Nec
691 2342 762 2381 uero
783 2322 900 2393 desunt,
921 2322 1027 2401 quibus
1049 2322 1104 2381 hoe
1124 2321 1322 2382 confirmetur.
1357 2321 1433 2381 Rem
1455 2322 1533 2383 enim
1550 2323 1592 2383 ita
1610 2323 1798 2386 tradiderunt
1809 2325 1879 2386 Plu·

279 2436 401 2497 taruhus
422 2436 520 2514 (Caes.
545 2437 590 2509 13,
611 2436 638 2496 2.
660 2433 761 2516 Pomp.
783 2437 831 2510 47,
857 2438 894 2513 1.)
914 2436 1069 2517 Appianus
1090 2435 1134 2514 (B.
1154 2435 1186 2498 C.
1204 2436 1232 2508 2,
1255 2438 1281 2496 9.
1303 2433 1491 2518 συμπράξειν
1510 2441 1541 2511 ἐς
1562 2438 1618 2518 τήν
1640 2438 1788 2505 ὑπατείαν
1809 2445 1878 2507 liro·

277 2551 375 2631 μόσις
400 2551 433 2632 [ὁ
459 2550 651 2630 Πομπήιος)
672 2550 728 2611 Dio
749 2551 809 2629 (37,
829 2553 891 2628 55.)
916 2551 1046 2611 Zonaras
1069 2554 1169 2624 111111
1190 2572 1217 2632 p.
1239 2551 1306 2612 315.
1335 2555 1385 2614 sol
1405 2546 1456 2615 ὑπ’
1476 2552 1594 2634 ἀμφοῖν
1619 2551 1719 2636 ὥσπερ
1744 2559 1880 2637 δορυφο-

278 2666 431 2746 ρούμενος
454 2670 484 2739 ἐς
506 2661 655 2730 ὑπατείαν
676 2665 856 2747 προήχθη).
901 2664 1012 2727 Contra
1031 2664 1165 2724 Velleius
1187 2666 1250 2740 (44,
1264 2663 1304 2744 1.)
1325 2664 1455 2726 Caesare
1474 2665 1533 2728 iam
1550 2668 1670 2727 consule
1689 2668 1793 2729 initum
1814 2689 1880 2731 esse

278 2781 498 2842 triumuiratmn
521 2781 676 2856 adfirmat,
705 2780 864 2858 Suetonius
884 2779 955 2862 (Iul.
979 2780 1032 2853 ta,
1053 2798 1141 2859 quem
1162 2778 1257 2838 secuti
1277 2784 1347 2838 sunt
1366 2779 1557 2840 Drumunnus
1571 2783 1598 2855 3,
1623 2782 1732 2855 192²⁰‚
1752 2782 1879 2845 Peterus

277 2896 316 2969 2,·
326 2895 419 2975 211),
439 2896 599 2957 Caesarem
618 2895 770 2956 consulem
786 2895 976 2973 designatum
998 2893 1102 2967 luisse,
1123 2893 1225 2952 limus
1247 2893 1339 2971 (103.)
1361 2894 1551 2955 candidatmn
1573 2897 1751 2957 consulatus.
1781 2900 1879 2967 Quem

277 3010 370 3086 idem,
399 3011 478 3089 quod
500 3009 672 3072 Suetonium
695 3009 877 3088 significare,
907 3029 947 3068 ox
970 3008 1035 3090 ipsa
1060 3008 1103 3068 rei
1123 3012 1230 3069 natura
1253 3008 1449 3088 consequitur.
1491 3007 1568 3069 Nam
1589 3009 1746 3072 Caesarem
1768 3018 1820 3080 aut
1836 3013 1879 3074 ita

278 3125 407 3187 ambisse
434 3126 619 3186 consulatum
646 3128 742 3207 patet,
770 3129 804 3184 ut
830 3144 863 3184 se
889 3123 972 3183 illurn
997 3123 1175 3205 adeptmum
1200 3142 1267 3183 esse
1287 3122 1409 3204 Pompei
1430 3122 1588 3202 Crassique
1611 3144 1667 3205 ope
1691 3127 1795 3201 sciret,
1816 3134 1877 3202 aut,

279 3228 348 3301 otim
374 3240 522 3300 consulari
550 3242 697 3321 potestate
719 3240 828 3299 fretum
847 3213 887 3298 se
901 3237 997 3317 magis
1019 3257 1175 3317 exaequo
1196 3258 1264 3299 cum
1282 3237 1394 3317 Magno
1415 3248 1535 3298 etcum
1556 3237 1655 3299 Diuite
1676 3239 1715 3298 de
1735 3241 1877 3302 societate

280 3355 429 3435 potentiae
451 3365 589 3415 acturum
607 3373 674 3413 esse
694 3360 844 3435 speraret,
871 3352 949 3413 omni
968 3352 1055 3412 modo
1077 3352 1179 3412 consul
1201 3353 1353 3432 designari
1372 3352 1568 3413 contendisse.
1603 3353 1681 3413 Dum
1699 3366 1798 3415 autem
1812 3357 1877 3438 ipse

279 3469 373 3531 auxili
393 3478 496 3530 contra
517 3475 653 3530 sanetum
672 3467 803 3529 maxime
822 3466 985 3545 indigeret,
1018 3477 1052 3527 ut
1074 3467 1258 3527 considatum
1276 3468 1464 3549 impetraret,
1494 3467 1636 3528 Crassum
1653 3475 1686 3528 et
1703 3468 1877 3551 Pompeium

279 3602 348 3643 eum
369 3585 575 3644 reconciliasse
597 3586 712 3665 putare,
735 3582 776 3642 nil
796 3584 888 3642 habet
907 3581 1035 3642 rationis.
1065 3580 1143 3641 Nam
1164 3600 1238 3661 ques
1256 3581 1300 3641 illi
1322 3581 1462 3641 uolebant
1481 3581 1611 3657 (laesuri,
1631 3583 1669 3644 ad
1690 3585 1877 3647 consulatum

277 3697 410 3779 ipsomm
427 3718 518 3779 opera
540 3704 690 3779 prouectu,
713 3696 899 3759 condiciones
919 3696 1123 3777 praescribere
1144 3700 1290 3777 poterant.
1331 3695 1445 3755 Verum
1464 3697 1633 3771 tamensis,
1654 3717 1730 3776 quae
1755 3700 1876 3760 consule

277 3810 408 3875 Caesare
438 3818 499 3871 tres
528 3812 584 3872 uiri
604 3813 758 3872 commoda
778 3811 880 3892 adepti
899 3815 977 3885 sunt,
1000 3816 1116 3871 tuntum
1135 3812 1230 3885 abest,
1252 3816 1286 3871 ut
1303 3809 1344 3869 nil
1365 3815 1436 3871 anto
1456 3809 1559 3871 initam
1582 3811 1756 3873 societatem
1776 3817 1877 3895 poten·

275 3927 336 3999 tiae
356 3927 387 3986 in
407 3926 537 3988 Caesare
560 3926 651 3986 fuisse
674 3926 903 3997 demonstretur,
924 3926 1082 3986 utCaesar
1099 3945 1175 3985 unus
1195 3944 1300 3984 uerum
1318 3943 1358 3983 ex
1380 3924 1537 4004 consulatu
1558 3925 1687 3985 fructum
1707 3927 1877 4009 percepisse

276 4041 425 4103 uideatur.
465 4040 566 4101 Prima
591 4040 684 4119 igitur
702 4040 840 4103 Caesaris
866 4039 919 4099 lex
945 4046 1012 4099 crat
1031 4039 1159 4118 agraria.
1201 4040 1357 4108 Quacum
1379 4037 1516 4098 sanxisse
1537 4043 1641 4100 narrat
1661 4038 1813 4117 Velleius,
1843 4049 1878 4104 ut

275 4174 351 4235 ager
372 4154 542 4236 Campanus
561 4155 640 4236 plebi
662 4155 847 4215 diuideretur
868 4155 908 4228 (2.
929 4155 978 4227 44,
989 4155 1040 4232 4.).
1080 4153 1191 4216 Contra
1210 4152 1266 4213 Dio
1284 4153 1333 4227 37,
1357 4155 1381 4213 1.
1402 4152 1500 4232 ipsum
1520 4152 1604 4214 illum
1623 4175 1730 4233 agrum
1751 4158 1877 4240 Campa·

275 4288 361 4344 num,
387 4269 497 4351 quippe
523 4269 574 4349 qui
598 4269 752 4330 fertilitate
773 4271 955 4350 praestaret,
981 4269 1049 4347 lege
1066 4288 1085 4328 a
1102 4267 1308 4329 distributione
1329 4276 1489 4348 exceptum
1509 4286 1590 4341 esse,
1619 4276 1651 4329 ot
1672 4271 1827 4352 Appianas
1846 4273 1876 4347 2,

278 4386 324 4447 10.
350 4384 394 4445 eis
420 4388 536 4444 tantum
562 4404 630 4444 eum
655 4403 723 4444 esse
751 4383 941 4444 distributum
970 4382 1079 4457 refert,
1108 4382 1157 4462 qui
1187 4381 1241 4442 tris
1271 4381 1379 4441 liberos
1399 4390 1614 4462 procreassent.
1657 4386 1718 4446 b'cd
1740 4405 1807 4446 curn
1828 4385 1876 4449 Ci-

276 4518 347 4561 cero
369 4500 422 4577 (ad
443 4498 506 4559 1111
527 4499 554 4559 2
575 4500 659 4573 16,1.
684 4497 728 4572 18,
742 4499 784 4567 2.)
807 4497 950 4577 Campani
975 4497 1040 4575 agri
1067 4496 1208 4557 diuisione
1236 4495 1364 4555 omnium
1386 4494 1497 4555 animos
1518 4497 1645 4557 excitari
1665 4500 1784 4575 scribat,
1804 4501 1875 4581 quin

276 4632 353 4692 eger
372 4613 544 4695 Campanus
561 4632 602 4671 cx
623 4632 659 4672 ea
678 4613 747 4690 lege
767 4611 929 4672 maximam
950 4624 1064 4693 paiteru
1086 4611 1262 4669 distributus
1284 4610 1337 4683 sit,
1358 4612 1490 4683 nonest,
1512 4628 1565 4669 em·
1585 4611 1761 4674 dubitemus.
1784 4615 1875 4690 (Dru-

276 4747 405 4790 mannus
424 4729 452 4801 3,
474 4727 562 4788 198⁵.
583 4726 797 4787 Mommsenius
818 4727 845 4800 3,
873 4726 949 4797 198.;
977 4725 1064 4785 aliter
1083 4726 1175 4784 sentit
1195 4723 1321 4784 Peterus
1341 4725 1370 4797 2,
1384 4724 1464 4801 231.)
1505 4722 1620 4784 Deinde
1641 4746 1699 4786 non
1724 4729 1876 4791 ueteranis

276 4846 394 4904 tantum
410 4841 533 4923 Pompei
551 4860 571 4901 a
591 4840 665 4901 XX.
695 4841 767 4900 uiris
795 4861 884 4919 agros
912 4840 1084 4918 adsignatos
1111 4857 1193 4913 osse,
1222 4838 1276 4897 scd
1306 4837 1371 4897 aliis
1396 4837 1486 4897 etiam
1514 4838 1552 4897 do
1576 4839 1664 4920 plebe
1685 4847 1752 4900 ete
1776 4842 1875 4905 Vellei

277 4956 378 5018 uerbis
398 4956 575 5017 concludere
595 4975 752 5037 possmuus
773 4964 804 5014 et
825 4956 862 5014 ab
885 4954 950 5014 eliis
970 4953 1060 5013 otiam
1084 4953 1276 5034 scriptoribus
1297 4951 1488 5011 confirmatur
1513 4952 1578 5031 (111.
1602 4952 1680 5014 Plut
1702 4955 1805 5039 Pomp.
1825 4960 1875 5034 47,

274 5071 304 5134 3·
331 5068 430 5146 εὐθύς
456 5072 487 5135 δὲ
507 5074 692 5146 θεραπεύων
713 5070 766 5134 τόν
787 5071 907 5152 ἄπορον
934 5074 981 5132 aei
1001 5071 1116 5149 πένητα
1137 5070 1185 5132 ati
1199 5073 1220 5144 ).
1272 5065 1338 5126 Non
1360 5065 1452 5144 igitur
1470 5065 1508 5125 ad
1529 5066 1624 5127 solum
1640 5067 1814 5152 Pompeium
1833 5093 1875 5134 ex

278 5185 335 5245 liae
358 5184 424 5263 lege
445 5185 631 5245 cornmodmu
642 5185 829 5257 redundeuit,
851 5184 1004 5244 sedetiam
1020 5182 1132 5244 Caesar
1146 5181 1286 5242 maiorem
1300 5180 1379 5262 apud
1391 5179 1531 5261 populum
1547 5182 1677 5259 gratiam
1688 5184 1760 5246 iniit
1788 5187 1874 5250 Cete

279 5318 330 5361 ras
352 5298 435 5378 leges
456 5304 578 5381 praeter
599 5300 737 5360 decretas
747 5299 870 5362 Caesari
890 5299 920 5358 in
937 5297 1167 5377 qriinquennium
1183 5295 1296 5359 Gallias
1317 5302 1598 5357 noneommemorat
1610 5295 1744 5359 Velleius
1764 5302 1802 5377 (Ι,
1823 5305 1873 5383 6.).

1627 5395 1674 5455 μ
