4320 5902
900 527 1076 629 “9‘'

244 719 359 782 semiue
378 698 434 780 alti
452 683 589 794 essent,
583 738 678 834 reip
677 696 805 781 liberae
812 695 931 782 contra
935 677 1213 808 ρ111191ρ91111199ιιι
1225 727 1476 820 propugnatorem
1494 721 1593 803 putari
1604 722 1852 787 obliuiscerentur

243 834 364 915 atque
355 854 386 895 m
406 835 518 895 11111919
541 825 606 895 eius
610 809 780 915 1911991119
805 812 964 917 praeclare
981 836 1024 908 ab
1042 855 1079 898 eo
1097 836 1192 915 gestis
1212 816 1370 898 laudandis
1391 856 1542 898 summos
1526 837 1626 899 studio
1645 843 1855 905 991991911191.Ι

245 949 336 1013 Sed
327 968 359 1011 ιιι
370 948 499 1011 Antonio
519 948 581 1010 alia
599 968 657 1010 res
681 948 749 1024 Qui
767 953 901 1032 tempore
922 950 966 1011 illi
985 951 1079 1012 aetati
1100 951 1220 1034 propior
1235 954 1310 1025 erat,
1330 959 1386 1011 nec
1401 971 1455 1032 pro
1470 952 1624 1034 republica
1641 972 1793 1076 pugnasse
1807 952 1857 1016 ιι1·

109 1102 112 1116 ·
243 1065 390 1139 debatur,
411 1063 471 1125 imo
489 1063 710 1144 Aegyptiorum
730 1063 844 1125 auxilia
864 1067 968 1125 contra
986 1065 1130 1146 populum
1147 1065 1316 1129 Romanum
1336 1083 1486 1127 euocasse.

345 1178 458 1243 Contra
482 1178 602 1259 qualem
627 1178 760 1259 priorum
786 1172 953 1259 temporum
978 1179 1216 1242 existimatorem
1241 1200 1275 1241 se
1302 1180 1485 1262 praestiterit
1506 1180 1655 1254 Velleius,
1680 1181 1770 1243 ualde
1799 1202 1857 1264 po«,

246 1299 308 1355 test
334 1293 473 1355 dubitari
513 1291 592 1364 Nam
612 1311 679 1353 cum
699 1311 748 1367 eo,
768 1293 848 1372 quod
869 1292 981 1356 Caesar
1001 1295 1188 1397 popularium
1206 1295 1334 1376 partium
1354 1295 1453 1356 fautor
1472 1294 1635 1357 exsisteret
1660 1308 1854 1375 9991119991·

247 1407 335 1498 nibus
354 1407 449 1469 modis
469 1407 636 1482 adiuuaret,
659 1407 771 1467 factum
790 1406 838 1482 sit,
858 1413 892 1467 ut
911 1407 983 1488 reip.
1005 1408 1117 1470 liberae
1136 1410 1231 1471 imma
1257 1409 1448 1470 disiceretur:
1479 1429 1553 1479 sane
1580 1410 1660 1471 subit
1683 1410 1851 1486 admiratio,

247 1521 327 1601 quod
351 1521 480 1603 partium
506 1520 691 1602 optimatium
718 1540 807 1600 quam
833 1521 1020 1603 popularimu
1047 1524 1206 1586 studiosior
1226 1523 1361 1584 Velleius
1388 1523 1535 1584 uideatur.
1577 1524 1626 1585 Ita
1646 1523 1855 1587 Gracchorum·

248 1636 423 1698 seditionem
453 1656 494 1696 ex
522 1636 623 1696 surore
650 1636 778 1715 quodam
804 1629 971 1717 profectam
999 1656 1067 1698 9999
1094 1637 1165 1698 dicit
1184 1639 1222 1716 (2.
1246 1640 1348 1714 6,1.1,
1376 1657 1434 1716 quo
1454 1638 1572 1698 accensi
1598 1658 1617 1699 a
1643 1638 1727 1698 bonis
1756 1639 1850 1700 desci-

249 1755 366 1812 scerent
387 1751 425 1829 (2.
440 1751 467 1825 2,
479 1750 536 1826 21(
556 1750 670 1829 gloriae
691 1755 779 1810 sexto
799 1750 878 1810 Mari
898 1751 1064 1812 consulatui
1085 1752 1235 1817 cumulum
1256 1753 1419 1813 accessisse
1440 1753 1590 1834 oppressis
1605 1751 1730 1814 Glaucia
1750 1752 1850 1815 91811·

248 1865 365 1926 1111111119
393 1865 431 1943 (2.
458 1866 508 1939 12,
529 1866 581 1942 6.1;
610 1864 718 1924 deinde
739 1863 771 1924 L
792 1863 918 1924 Mummi
939 1865 970 1927 0.
991 1865 1071 1927 llari
1090 1865 1131 1926 M.
1153 1866 1303 1928 Ciceronis
1328 1867 1444 1928 nouitas
1471 1873 1718 1927 commemoratur
1740 1870 1778 1945 (1.
1805 1868 1849 1942 13,

246 1979 273 2047 2
294 1979 322 2040 2.
347 1980 393 2053 12,
414 1981 441 2039 5.
463 1980 581 2055 34,3.1.
629 1979 772 2039 Attamen
799 1978 885 2040 facile
913 1977 1024 2052 clucet,
1052 2000 1090 2040 ne
1109 1981 1207 2041 omnia
1226 1980 1362 2059 quidem,
1385 2001 1462 2061 quae
1490 2002 1508 2042 9
1535 1981 1688 2042 nobilitate
1715 1982 1851 2062 perfecta

245 2101 415 2166 9119199111
435 2093 573 2155 laudibus
594 2092 741 2175 persequi.
772 2092 1015 2173 Reprehenditur
1031 2093 1184 2168 Seruilius,
1207 2095 1257 2173 qui
1279 2094 1393 2170 l'raude,
1414 2116 1473 2157 non
1493 2094 1789 2157 uirtuteViriathum
1807 2096 1852 2176 111-

245 2207 613 2287 1911999111(2.1,3.1,111
633 2183 901 2289 duccsiuuehitur,
922 2207 1053 2274 maxime
1073 2208 1255 2289 Pompeium,
1278 2210 1328 2289 qui
1348 2216 1470 2291 propter
1489 2211 1675 2271 inscientiam
1696 2211 1849 2272 debellare

246 2342 306 2382 nou
332 2322 494 2404 potuerint,
528 2323 582 2382 sed
608 2322 647 2382 ad
673 2320 844 2402 turpissima
875 2321 998 2381 foedera
1024 2342 1043 2382 9
1069 2322 1219 2384 Lusitanis
1247 2322 1368 2384 deducti
1396 2324 1456 2384 sint
1473 2326 1510 2403 (2.
1536 2328 1560 2399 1,
1580 2328 1636 2401 4.),
1669 2330 1877 2406 notaturque·

246 2436 389 2513 Senatus,
423 2439 503 2518 quod
530 2438 625 2498 solum
645 2436 817 2498 Mancinum
837 2437 957 2497 tradere
979 2437 1121 2512 uoluerit,
1149 2437 1323 2520 Pompeium
1349 2439 1466 2517 gratiae
1493 2459 1601 2501 caussa
1619 2439 1786 2521 inpunitum
1807 2439 1851 2501 di·

248 2553 363 2613 miserit
381 2554 420 2631 (2.
445 2556 470 2628 1,
482 2555 536 2629 5.1;
557 2553 666 2612 deinde
683 2551 791 2620 Gaium
810 2550 979 2614 Gracchum
999 2552 1092 2613 atroci
1113 2552 1227 2612 scelere
1247 2553 1429 2614 trucidatum
1449 2573 1516 2614 esse
1538 2553 1728 2627 dioithului
1749 2553 1851 2617 Flacci

246 2666 289 2727 1111
317 2685 421 2728 necem
447 2666 561 2727 iacimus
588 2666 707 2726 unicum
727 2665 819 2726 fuisse
841 2666 878 2744 (2.
898 2666 932 2738 ’1,
957 2667 1001 2742 1.).
1043 2665 1145 2727 Sullae
1166 2666 1293 2745 denique
1313 2667 1542 2748 proscriptiones
1563 2668 1752 2728 acerbissime
1777 2687 1850 2730 exa-

246 2781 383 2860 gitantur
402 2781 442 2860 (2.
466 2783 511 2855 17,
535 2784 563 2853 ¹3
585 2781 632 2855 22,
655 2782 680 2841 1.
702 2781 749 2854 25,
770 2781 798 2842 3.
820 2780 868 2853 27,
889 2782 915 2840 5.
939 2780 987 2854 28,
1009 2780 1058 2856 2.).
1100 2779 1185 2841 Haec
1211 2800 1278 2841 eum
1305 2781 1343 2840 de
1369 2781 1493 2860 singulis
1523 2781 1669 2842 nobilibus
1689 2782 1762 2842 uiris
1782 2802 1850 2864 pro-

247 2897 333 2970 19191,
353 2895 516 2957 nobilitatis
535 2895 629 2976 ipsius
649 2895 729 2956 lacta
749 2914 808 2954 non
829 2894 942 2954 minore
963 2893 1090 2956 ueritate
1110 2893 1261 2955 diiudicat.
1305 2896 1354 2956 Ita
1374 2896 1485 2955 bellum
1506 2915 1573 2956 cum
1592 2895 1849 2974 Karthaginiensi-

248 3012 303 3071 bus
330 3010 451 3071 tertium
479 3030 538 3070 uon
560 3029 601 3069 ex
621 3009 664 3070 919
686 3013 783 3071 ortum
803 3027 871 3069 csse
888 3008 959 3069 dicit
965 3055 973 3084 ,
1001 3028 1078 3088 quae
1099 3009 1176 3070 falsa
1197 3010 1235 3069 de
1256 3009 1556 3088 Karthaginiensibus
1576 3010 1849 3086 circumferrentur,

248 3125 302 3184 sed
326 3126 405 3204 quod
432 3124 527 3184 deleri
547 3123 767 3202 Karthaginem
787 3123 859 3183 utile
880 3123 1034 3183 uideretur
1055 3126 1093 3218 (l.
1112 3123 1157 3198 12,
1176 3124 1203 3184 2.
1226 3123 1351 3205 Appiam.
1374 3123 1448 3183 Pun.
1470 3125 1516 3183 74.
1544 3123 1564 3205 ἡ
1589 3125 1619 3189 di
1642 3124 1851 3205 (1991119299

249 3247 432 3321 depromam
456 3248 625 3319 πολεμῆσαι
643 3244 696 3304 καὶ
715 3238 886 3318 προφάσεις
908 3239 1122 3319 ἐρεοχελοιῗσο).
1164 3236 1231 3297 Non
1247 3238 1335 3298 aliter
1351 3238 1488 3299 nobilitas
1500 3238 1695 3320 uituperatur,
1716 3249 1850 3320 propter·

249 3373 285 3414 99
307 3354 387 3433 quod
413 3357 444 3415 91
474 3354 583 3414 iniuste
609 3353 724 3431 (2.15,
742 3353 921 3429 31919199
949 3351 1088 3413 utilitatis
1116 3351 1301 3430 intellegent
1292 3372 1321 3412 19
1349 3356 1430 3431 (nam
1457 3352 1495 3412 ad
1521 3373 1668 3413 summum
1689 3354 1851 3414 discrimen

249 3469 417 3551 respublica
438 3467 583 3551 perducta
603 3487 671 3526 9999
692 3467 800 3527 dicitur
764 3467 861 3548 91,[2
885 3465 1760 3545 16911111999119111911191991911919191191193999111(911.
1782 3468 1849 3530 blo-

249 3580 762 3663 11193.18,3.[2,6.2.Η1111.1
789 3581 951 3642 Boeclcrus
978 3601 1005 3660 p.
1026 3582 1114 3656 473..)
1175 3580 1308 3659 Denique
1338 3586 1489 3661 postrema
1521 3580 1632 3642 liberae
1668 3582 1849 3663 reipublicae

249 3704 348 3758 991919
368 3716 386 3758 9
406 3697 504 3779 prisca
524 3715 639 3756 morum
661 3695 798 3756 castitate
819 3695 1004 3756 nobilitatem
1024 3694 1271 3772 degenerauisse,
1304 3694 1329 3754 si
1349 3714 1407 3755 non
1434 3694 1545 3754 diserte
1565 3697 1737 3777 exponitur,
1768 3700 1850 3757 certe

249 3811 378 3872 dilucide
399 3810 583 3889 significatur
546 3811 642 3887 ιιι(2.
665 3811 712 3885 26,
734 3810 783 3887 2.)
816 3808 893 3870 Nam
913 3808 1058 3869 etiamsi
1049 3828 1090 3870 111
1094 3808 1218 3871 Cinnam
1239 3808 1384 3868 acerrime
1404 3808 1470 3868 aliis
1488 3809 1559 3870 19919
1571 3809 1729 3883 muehrtur
1748 3814 1850 3872 tamen

248 3932 351 3990 contra
371 3927 456 4005 leges
477 3924 709 3987 consulatum
683 3944 712 3984 er
732 3944 774 3984 ex
795 3926 918 3984 senatus
938 3922 1114 3984 auctoritate
1134 3923 1311 4001 abrogatum
1331 3941 1399 3983 9999
1419 3942 1470 3982 199
1472 3922 1583 3983 tissime
1603 3924 1721 3984 iudicat.
1814 3930 1820 3937 '

271 4057 275 4063 ’
349 4040 475 4101 Omnino
500 4043 618 4114 autem,
644 4039 749 4118 siquod
774 4046 821 4098 991
844 4037 1005 4099 nobilitatis
1031 4037 1160 4119 partium
1187 4037 1332 4110 studium,
1358 4037 1476 4097 facilem
1500 4037 1574 4098 illud
1602 4038 1693 4099 habet
1719 4039 1851 4120 explica·

247 4161 321 4219 tum.
353 4154 483 4216 Dubium
500 4154 579 4215 enim
593 4173 653 4214 non
672 4157 728 4228 est,
750 4153 821 4233 quin
835 4150 1029 4214 admiratione
1040 4172 1157 4213 summa
1171 4152 1321 4232 antiquam
1334 4171 1449 4212 morum
1458 4152 1677 4233 simplicitatem
1689 4154 1849 4217 describat.

248 4250 336 4343 Quae
367 4271 398 4331 in
430 4269 603 4331 uniuersum
627 4267 754 4349 saepius
774 4267 961 4329 collaudatur
981 4270 1027 4347 (1,
1053 4267 1096 4329 13.
1117 4268 1144 4328 5.
1168 4268 1202 4340 2,
1227 4268 1271 4328 li).
1297 4269 1335 4343 1.1
1360 4266 1417 4341 119,
1446 4271 1479 4326 ut
1506 4286 1605 4328 mores
1629 4268 1722 4349 ipsius
1749 4267 1851 4331 'liberi

247 4385 358 4448 aetatis
377 4388 576 4466 opponantur3
596 4382 778 4463 quinetiam
799 4381 848 4456 fit,
869 4386 904 4442 ut
922 4381 995 4443 talia
1014 4381 1233 4462 praedicentur,
1261 4384 1403 4460 tanquam
1423 4399 1500 4460 quae
1519 4380 1669 4443 Romanos
1689 4402 1787 4443 mores
1807 4382 1851 4443 di·

248 4501 414 4581 stinguant,
442 4518 518 4579 quae
545 4518 618 4559 uere
638 4497 713 4558 fines
733 4496 885 4556 excedant
904 4496 954 4556 uel
973 4495 1127 4557 Romanae
1148 4494 1338 4576 pertinaciae.
1380 4495 1429 4556 Sic
1449 4495 1490 4555 11
1511 4495 1628 4577 Ρορ1119·
1643 4495 1768 4558 Laenati
1789 4496 1849 4558 Ro·

250 4633 336 4677 mans
366 4614 532 4675 constantia
561 4612 715 4688 tribuitur,
748 4612 798 4691 qui
821 4610 940 4690 Regem
968 4610 1148 4680 Antiochum
1175 4609 1242 4669 rudi
1269 4612 1301 4668 91
1327 4627 1463 4668 sermone
1488 4615 1520 4670 ct
1546 4618 1636 4689 gestu
1662 4610 1851 4693 perturbauit

250 4730 289 4806 (1.
315 4731 364 4804 10,
392 4730 431 4806 21.
478 4728 575 4788 Multo
605 4728 716 4789 rectius
742 4747 783 4788 ex
811 4729 913 4787 cetera
940 4724 1004 4783 eius
1029 4724 1118 4784 animi
1142 4723 1304 4805 asperitate
1329 4722 1403 4782 illud
1432 4724 1542 4806 repetit
1567 4725 1669 4786 Liuius
1690 4728 1757 4804 (45,
1782 4726 1849 4804 121.

248 4840 334 4904 Haec
351 4849 453 4905 autem
475 4863 590 4904 morum
615 4843 788 4924 simplicitas
802 4860 869 4902 eum
883 4839 962 4920 apud
978 4838 1090 4900 nobiles
1104 4837 1221 4919 pristini
1233 4836 1375 4918 temporis
1387 4837 1518 4898 maxime
1532 4838 1725 4915 elucesceret,
1745 4860 1850 4902 eorum

247 4958 442 5020 constantiam
463 4957 626 5032 Velleium,
648 4977 737 5037 quam
766 4955 882 5038 profani
903 4953 985 5031 uolg'
1005 4952 1207 5014 contentiones
1227 4950 1378 5025 maluisse,
1399 4958 1630 5014 consentaneum
1647 4957 1702 5014 est

347 5072 409 5134 Sed
434 5073 512 5152 quod
534 5072 682 5154 Sauppius
706 5071 779 5133 169:
797 5068 932 5150 exponit,
956 5066 1119 5140 Velleium,
1147 5065 1198 5144 qui
1223 5071 1254 5126 et
1274 5065 1404 5126 anticum
1423 5065 1495 5147 reip.
1517 5071 1629 5128 statum
1650 5068 1851 5138 admiraretur

245 5190 279 5248 et
300 5206 410 5249 nouam
429 5186 567 5248 laudibus
588 5185 731 5261 efferret,
752 5183 833 5244 nullo
860 5182 947 5244 modo
975 5180 1237 5253 animaduertisse,
1268 5199 1357 5259 quam
1377 5199 1437 5241 non
1460 5186 1583 5261 possent
1613 5183 1686 5243 haec
1710 5183 1789 5245 inter
1815 5201 1850 5247 ee

245 5301 410 5376 conciliari,
434 5301 465 5362 id
492 5306 524 5361 et
547 5301 674 5362 hbcuter
701 5299 814 5378 largior
838 5303 869 5358 et
889 5296 968 5359 haud
988 5295 1149 5356 difficulter
1174 5301 1246 5376 puto
1272 5294 1416 5375 expediri
1460 5294 1579 5356 Etenim
1598 5297 1754 5378 pristinam
1775 5298 1849 5380 reip.

319 5397 321 5400 ’
1627 5394 1646 5454 2
