4320 5902
1052 564 1096 635 41

275 693 329 793 nos
350 729 460 792 0000111
480 729 610 791 00101000
630 728 828 792 Octauianum
851 729 930 791 dicit
973 728 1085 791 600110
1103 727 1286 790 0010010000
1306 747 1409 790 omnes
1433 728 1628 807 magistratus
1648 728 1774 790 interfici
1792 727 1880 792 iussit

276 846 366 928 (App.
387 846 416 919 6,
438 843 507 921 48).
548 842 682 906 Tametsi
700 843 776 906 alies
797 843 844 906 ira
864 843 991 904 militurn
1007 845 1130 905 namtas
1145 861 1216 904 esse
1236 843 1341 923 negari
1360 863 1419 906 non
1438 842 1880 926 001001(1)1010000001,416.

275 963 304 1036 1,
324 961 392 1023 104.
415 958 502 1020 auor
525 958 617 1021 010
636 957 764 1020 rauna
785 959 814 1034 a,
830 957 919 1036 100).
1067 935 1078 948 “

380 1073 467 1135 Vnus
487 1073 578 1135 etiam
599 1077 671 1134 11100
690 1078 765 1148 0101,
786 1073 837 1153 001
858 1073 971 1135 bellum
988 1072 1068 1134 inter
1080 1072 1242 1135 Antonium
1263 1076 1296 1134 01
1306 1072 1503 1164 Qctauianum
1525 1073 1681 1154 quominus
1701 1073 1881 1135 exardesce·

276 1191 324 1251 rat
344 1189 535 1270 impediebat,
555 1187 585 1250 S.
606 1186 773 1270 Pompeius
814 1187 875 1259 Qui
898 1187 924 1248 si
944 1205 1017 1248 uere
1037 1186 1117 1248 uitiis
1137 1187 1197 1248 illis
1216 1189 1353 1260 omnibus
1372 1179 1547 1264 laborasset,
1569 1207 1646 1268 quae
1662 1188 1800 1249 Velleius
1819 1189 1881 1267 (73,

279 1307 318 1381 1.)
338 1305 369 1365 11
389 1323 425 1364 eo
443 1302 536 1364 luisse
556 1307 670 1378 narrat,
688 1322 747 1383 quo
766 1303 857 1365 modo
866 1301 1039 1377 Octauiano,
1060 1302 1196 1377 omnibus
1214 1303 1376 1365 uirtutibus
1395 1302 1598 1385 praecellenti,
1619 1302 1733 1364 tumdiu
1752 1300 1883 1384 potuerit

277 1417 428 1493 resistere,
447 1437 505 1479 uon
525 1414 608 1479 sane*
620 1417 855 1497 intellegeretis.
897 1418 958 1479 Sed
978 1417 1052 1479 item
1072 1418 1263 1480 Drumannus
1285 1421 1325 1498 (4,
1343 1418 1410 1481 590.
1433 1419 1485 1478 011.
1506 1416 1675 1494 10101002,
1697 1419 1777 1496 567.)
1796 1416 1882 1479 Pom·

277 1532 377 1614 peium
397 1532 497 1613 pusilli
515 1531 616 1612 ingeni
635 1532 728 1593 fnisse
748 1531 895 1614 opinatur,
917 1551 986 1592 cum
1001 1531 1370 1611 111001100001110(3,417.)
1392 1551 1461 1593 0010
1479 1532 1598 1612 ingenio
1617 1533 1681 1593 sins
1697 1533 1785 1593 dubio
1796 1549 1883 1615 prae·

277 1647 373 1709 ditum
399 1646 491 1707 fuisse
519 1645 607 1707 dicat
646 1645 721 1706 Mihi
747 1646 849 1707 autern
873 1645 918 1706 illi
942 1645 1051 1744 iniuste
1080 1645 1212 1708 iudicare
1238 1646 1386 1708 uidentur.
1430 1647 1573 1708 Sermone
1601 1646 1767 1707 0011011001
1787 1646 1881 1708 fnisse

277 1762 438 1823 barbarum
458 1760 509 1820 uel
520 1760 625 1823 Cicero
646 1760 698 1839 (ad
715 1760 778 1822 Att
800 1762 845 1822 16.
858 1763 887 1835 4,
909 1763 948 1838 1.)
967 1760 1132 1839 redarguit
1168 1761 1211 1821 At
1229 1761 1311 1840 quod
1324 1759 1459 1821 Velleius
1480 1780 1547 1821 eum
1567 1761 1741 1823 libertorum
1760 1780 1881 1823 sucrum

277 1875 426 1950 libertum,
448 1894 605 1935 seruorum
623 1893 744 1935 seruum
758 1875 851 1935 luisse
863 1874 943 1949 dicit,
964 1874 1151 1954 siargutiam
1162 1876 1342 1953 detraxeris,
1362 1896 1398 1939 eo
1415 1877 1532 1953 redibit,
1551 1877 1630 1957 quod
1640 1876 1764 1938 libertos
1777 1875 1881 1937 classis

277 1990 393 2070 legatos
412 1990 607 2066 habebat⁵²).
648 1987 737 2058 Quod
760 2007 832 2049 uero
852 1988 1044 2049 incitantibus
1059 1988 1152 2050 Mena
1172 1995 1204 2050 et
1215 1989 1390 2052 Menecrate
1408 1991 1523 2053 libertis
1537 1990 1665 2053 Statium
1685 1992 1821 2052 Murcum
1839 1991 1882 2052 in·

277 2104 433 2166 terfecisse
452 2103 560 2164 dicitur
580 2103 619 2181 (2.
640 2104 688 2172 77,
706 2105 762 2179 4.);
785 2121 823 2163 00
842 2103 966 2163 Murcus
982 2103 1111 2182 quidem,
1133 2103 1183 2183 qui
1204 2106 1366 2186 superbum
1385 2104 1507 2187 Pompei
1528 2106 1657 2166 animum
1679 2105 1818 2167 conuiciis
1840 2105 1882 2166 la·

278 2222 421 2293 oesseret,
442 2220 480 2279 ab
501 2218 580 2279 omni
599 2217 688 2300 culpa
707 2218 828 2278 uidetur
847 2236 973 2278 uacasse
993 2217 1081 2299 (App.
1104 2220 1131 2293 5,
1146 2221 1184 2280 70
1196 2240 1224 2300 p.
1237 2219 1325 2296 804.)
1366 2219 1482 2279 Deinde
1502 2220 1666 2281 infidiorem
1688 2211 1881 2296 luisse'Pcm,
1928 2204 1939 2233 '

278 2335 393 2416 poium,
414 2354 505 2414 quam
525 2353 628 2395 omnes
648 2338 780 2409 ceteros,
803 2332 854 2413 qui
873 2342 944 2393 tunc
964 2333 1002 2392 de
1021 2332 1143 2415 imperio
1163 2335 1328 2409 certabant,
1347 2354 1494 2415 nusquam
1512 2334 1661 2417 preditum
1682 2338 1736 2395 001.
1778 2334 1881 2396 Latro·

277 2449 355 2510 cinia
377 2456 478 2510 autem
496 2449 604 2509 iniuste
626 2468 644 2510 a
664 2447 782 2519 Vesseio
802 2448 1025 2530 uituperautur,
1046 2467 1114 2508 oum
1134 2448 1308 2511 Dolabellae
1327 2450 1412 2511 Bruti
1435 2449 1520 2513 (lassi
1543 2450 1654 2511 Antoni
1675 2449 1882 2532 expeditiones

278 2563 443 2624 maritimae
469 2562 997 2644 0110011001001011011101(111048,
1020 2563 1056 2622 17
1076 2584 1103 2644 0.
1125 2564 1214 2640 dcc).
1256 2562 1345 2626 Certe
1372 2568 1473 2625 autem
1492 2564 1651 2646 Pompeius
1676 2584 1735 2625 non
1763 2565 1788 2625 is
1809 2567 1884 2655 spat,

278 2678 329 2758 qui
349 2697 444 2757 aequo
465 2678 562 2738 animo
583 2677 743 2738 aduersam
763 2677 911 2738 fortunam
932 2676 993 2758 pati
1014 2682 1122 2758 posset.
1165 2677 1271 2757 Itaque
1290 2698 1459 2758 quanquam
1478 2698 1536 2739 non
1558 2679 1645 2741 modo
1659 2680 1777 2740 fortuna
1796 2679 1884 2758 (Dru-

278 2794 510 2871 0000005911),
532 2794 586 2854 sed
607 2793 699 2875 ipsius
722 2793 812 2854 etiam
831 2793 942 2853 uirtute
960 2793 998 2854 ad
1017 2793 1179 2874 potentiam
1197 2798 1356 2875 prouectus
1377 2797 1433 2868 001,
1454 2797 1563 2868 100100,
1585 2794 1635 2854 ubi
1656 2794 1753 2855 uictus
1765 2801 1820 2867 ost,
1842 2794 1883 2854 lb-
1987 2848 1991 2856 .

279 2928 338 2975 rox
355 2908 472 2969 iuuenis
493 2907 609 2968 animus
629 2907 794 2989 supplicem
813 2927 905 2987 agere
928 2928 987 2969 non
1008 2909 1104 2989 potuit
1124 2908 1214 2988 (Vell.
1237 2910 1263 2970 2.
1288 2910 1336 2983 79,
1357 2910 1405 2987 5.).

380 3022 439 3084 Η10
465 3023 557 3102 igitur
582 3021 746 3083 uincendus
775 3021 1036 3084 0101001001000.
1076 3023 1123 3084 Ac
1147 3024 1275 3105 primurn
1303 3023 1423 3103 quidem
1450 3042 1469 3084 0
1495 3024 1603 3106 000010
1630 3044 1766 3087 0000000
1787 3025 1884 3106 100010
2006 3093 2008 3098 ,

280 3141 400 3199 coactus
426 3141 615 3216 (consensum
635 3137 845 3219 expostulasse
853 3117 947 3197 ’ciues
967 3138 1039 3199 dicit
1056 3137 1191 3198 Velleius
1211 3138 1238 3199 2.
1256 3139 1304 3212 77,
1330 3141 1365 3212 1.,
1387 3137 1571 3200 0000101001
1591 3139 1706 3220 lapides
1727 3138 1886 3220 1000000·

280 3271 344 3312 rem
359 3251 465 3312 iecisse
477 3251 633 3333 Appianas
644 3253 672 3327 5,
685 3251 756 3328 68),
774 3251 867 3312 100110
878 3251 975 3312 001010
984 3251 1024 3312 ad
1038 3251 1188 3313 Misenum
1198 3270 1303 3333 pacem
1316 3271 1384 3313 cum
1397 3272 1433 3313 00
1444 3252 1522 3312 10011
1554 3252 1664 3314 Postea
1679 3252 1885 3329 Octauianum,

280 3371 314 3427 ut
335 3365 444 3427 milites
464 3367 504 3427 ad
525 3366 603 3428 bella
625 3365 781 3446 sequentia
802 3362 970 3439 0110100101,
991 3370 1095 3427 eontra
1115 3362 1256 3447 Illyricos
1279 3367 1485 3449 expeditiones
1504 3367 1610 3427 l'aoisse
1625 3366 1762 3428 Velleius
1783 3371 1887 3429 narrat

243 3541 246 3551 ,
281 3482 320 3560 (2.
340 3481 388 3556 78,
407 3483 455 3558 2.).
497 3482 540 3542 Α1
560 3481 766 3563 expeditiones
786 3481 872 3555 illae,
904 3479 1000 3559 siquid
1020 3479 1157 3562 Appiano
1177 3480 1236 3559 (Ill
1259 3481 1381 3558 16-24.)
1403 3480 1568 3555 tribuimus,
1587 3481 1721 3542 incidunt
1741 3482 1772 3542 in
1792 3501 1885 3544 annos
1990 3486 1993 3496 '

523 3570 527 3578 s

283 3597 450 3671 719735,
478 3601 513 3656 01
537 3599 605 3678 post
630 3596 746 3658 finitum
772 3596 894 3657 demum
919 3615 988 3656 oum
1010 3596 1039 3657 S.
1058 3594 1200 3678 Pompeio
1225 3595 1336 3657 bellum
1356 3594 1505 3677 incipiant
1546 3595 1606 3666 Qui
1623 3615 1707 3657 error
1726 3614 1767 3656 ex
1788 3597 1886 3659 studio

281 3710 332 3772 illo
349 3709 463 3786 Vellei,
490 3731 549 3790 quc
576 3730 626 3771 res
651 3710 729 3771 inter
749 3730 782 3770 se
806 3716 962 3773 conectere
981 3714 1116 3793 temptet,
1136 3712 1318 3793 repetendus
1337 3711 1458 3772 uidetur
1478 3731 1546 3772 esse
1564 3711 1602 3791 (I,
1620 3712 1669 3789 3.).
1711 3711 1835 3774 Interim
1855 3715 1888 3773 et

282 3825 383 3887 Vellei
408 3826 509 3889 uerbis
536 3828 680 3908 probatur
699 3830 732 3886 01
751 3828 789 3887 ab
810 3826 876 3888 aliis
897 3827 1097 3905 confirmatur,
1116 3826 1240 3888 inuitum
1261 3825 1458 3887 Octauianum
1475 3845 1542 3887 cum
1561 3825 1701 3908 Pompeio
1720 3845 1825 3909 pacem
1843 3826 1886 3887 in·

280 3941 356 4018 isse,
381 3947 416 4002 ut
440 3942 565 4024 primam
590 3940 754 4002 renouandi
778 3940 849 4002 belli
869 3941 1054 4003 occasionem
1082 3941 1214 4003 studiose
1235 3940 1394 4022 adriperet.
1434 3939 1499 4003 Neo
1520 3940 1655 4002 Velleius
1676 3942 1736 4020 (89,
1760 3943 1799 4018 1.)
1820 3941 1887 4003 rad-

281 4057 467 4137 intregatum
487 4076 554 4117 csse
576 4029 688 4118 bellum
708 4060 830 4137 propter
850 4060 1036 4118 crescentem
1053 4056 1084 4117 in
1109 4056 1173 4117 dies
1186 4054 1309 4138 Pompei
1321 4055 1483 4137 potentiam
1498 4055 1887 4135 1011110110(011.Ηο0011100

282 4171 371 4248 257.)
412 4171 481 4242 Qua
501 4191 534 4231 10
557 4170 695 4233 Caesaris
716 4171 782 4232 1000
802 4189 875 4232 sanc
892 4191 952 4233 non
971 4174 1184 4250 exaggeratur.

390 4285 460 4347 Sine
479 4285 568 4346 dubio
588 4286 664 4346 salso
684 4284 821 4346 Velleius
837 4289 956 4362 narrat,
976 4285 1142 4367 Agrippam
1162 4284 1264 4346 statim
1284 4286 1322 4345 ab
1341 4283 1423 4345 initio
1443 4283 1532 4345 classi
1552 4284 1755 4347 aedificandae
1772 4288 1810 4347 ab
1832 4285 1888 4348 Oc·
2010 4341 2015 4350 .

284 4400 403 4462 10010110
430 4400 632 4481 praepositum
659 4419 734 4461 0000.
776 4399 854 4461 Nam
873 4398 929 4460 Dio
945 4400 1004 4479 (48,
1021 4402 1061 4462 46
1083 4422 1110 4482 0.
1132 4400 1212 4477 658.)
1233 4388 1301 4480 post
1327 4398 1443 4460 cladem
1470 4399 1590 4459 demum
1609 4400 1690 4480 apud
1710 4399 1820 4461 Cumas
1840 4420 1888 4461 ac·

285 4519 403 4597 ceptam
426 4514 675 4594 naufragiumque
696 4515 775 4575 circa
794 4512 942 4574 Vibonem
963 4514 1074 4575 factum
1095 4515 1133 4575 ad
1155 4514 1322 4595 Agrippam
1343 4513 1504 4575 Caesarem
1525 4513 1673 4593 refugisse
1693 4515 1792 4576 tradit.
1833 4513 1888 4575 Er·
1985 4499 1987 4504 ’

285 4632 455 4690 rorantem
476 4628 576 4689 Vellei
597 4648 638 4688 ex
659 4647 695 4689 eo
714 4631 803 4689 natus
823 4628 958 4703 uidetur,
981 4629 1058 4708 quod
1081 4628 1139 4689 duo
1160 4628 1279 4709 quidam
1299 4627 1460 4690 Caesarem
1480 4628 1638 4708 naufragia
1659 4629 1765 4690 secisse
1786 4629 1888 4690 distin-

285 4743 359 4822 guit,
381 4744 435 4804 sed
456 4744 586 4825 priorem
606 4743 806 4804 calamitatem
825 4741 999 4804 Veliensem
1020 4747 1244 4831 commemorat,
1266 4761 1355 4824 quam
1372 4742 1448 4802 duce
1464 4742 1600 4825 Agrippa
1621 4743 1726 4804 classis
1745 4763 1889 4825 perpessa

286 4861 340 4919 cst
383 4857 489 4939 Neque
512 4860 612 4919 tamen
633 4859 829 4939 tempestates
849 4858 930 4919 solae
949 4858 1089 4939 patrandi
1108 4857 1179 4919 belli
1197 4877 1282 4920 mora
1301 4858 1445 4935 01001(2.
1467 4857 1513 4931 79,
1527 4859 1576 4934 4.),
1596 4877 1693 4937 neque
1706 4857 1889 4920 Octauianus

285 4973 430 5033 rebellam
450 4971 614 5054 oppressit,
635 4972 689 5032 sed
710 4972 748 5032 de
771 4975 887 5033 0010100
903 4991 1004 5033 101010
1026 4973 1153 5034 certauit
1172 4971 1384 5050 (Ηο00111002,
1406 4973 1474 5048 61.)
1513 4971 1660 5041 Quoniam
1680 4978 1779 5033 autem
1798 4973 1889 5036 mino-

392 5159 434 5223 ”l
455 5159 569 5215 Quonim
593 5157 625 5209 de
648 5158 791 5211 nominibus
816 5158 878 5209 certi
904 5157 964 5224 quid
984 5158 1050 5209 elflci
1067 5174 1140 5225 posse
1156 5174 1206 5209 non
1224 5157 1333 5211 uidetur.
1380 5159 1469 5209 Menae
1490 5163 1516 5208 et
1537 5158 1678 5210 Menecrati
1693 5161 1794 5210 nomina
1810 5160 1889 5212 101000

285 5243 398 5295 Velleius
423 5244 463 5295 bia
489 5244 581 5306 tradit3
607 5245 738 5312 Appianus
756 5248 786 5309 5,
801 5246 846 5298 66.
870 5261 956 5296 eorum
979 5246 1085 5296 alterum
1113 5245 1175 5296 dicit
1200 5245 1513 5315 1100060100001101001
1536 5261 1587 5296 non
1606 5247 1725 5313 adpellst.
1758 5247 1890 5329 Fabricius

286 5335 369 5382 autem
390 5330 423 5382 ad
440 5332 516 5386 Dion.
543 5333 586 5397 48,
601 5334 645 5401 30,
667 5334 703 5399 (6,
721 5333 831 5385 556111
851 5333 914 5398 Sta.)
936 5334 1024 5384 Menae
1042 5348 1132 5384 nomen
1148 5327 1351 5404 ὑποκοριπικόν
1365 5331 1519 5383 demonstrat
1535 5347 1589 5384 ease
1606 5349 1654 5400 pro
1672 5333 1810 5386 Menadori.

1667 5419 1686 5482 6
1717 5514 1720 5525 .
