4320 5902
1046 516 1094 589 M

272 686 430 761 Attamen,
450 685 528 764 quod
549 682 658 764 optime
678 680 876 743 Ruhnkenius
895 702 924 763 p.
946 680 1015 744 380.
1035 656 1260 754 animaduertit,
1285 699 1324 740 ne
1346 698 1480 755 „aroana
1498 679 1587 742 aulae
1606 677 1751 741 curiosius
1771 696 1883 761 specu·

273 800 353 863 latus
383 799 545 859 uideatur“
572 797 738 880 prudenter
765 798 853 858 canet
873 796 915 873 (2.
937 796 1025 870 93,3.
1050 796 1178 872 1021.)
1220 794 1267 855 Ac
1286 794 1383 877 prima
1405 794 1526 875 quidem
1546 794 1612 856 sine
1631 794 1721 856 dubio
1741 792 1883 856 Velleius

274 919 357 976 reete
377 913 520 986 narrauit,
539 930 616 991 quae
638 915 780 972 secuntur
800 909 970 972 addubitari
989 909 1093 972 solent.
1134 909 1250 991 Nempe
1271 909 1384 992 primus
1393 908 1557 970 Marcellus
1576 908 1882 997 designatusestss)

274 1026 414 1108 (93,1.),
447 1028 498 1107 qui
523 1026 682 1087 uidebatur
713 1044 906 1087 successurus
924 1043 1007 1099 esse,
1032 1024 1059 1085 si
1072 1023 1325 1106 .per.Agrippam
1352 1023 1381 1083 ei
1399 1023 1504 1085 liceret
1524 1024 1624 1102 (222
1646 1023 1729 1086 Suet
1750 1023 1880 1087 uotae.

276 1143 328 1204 cir.
350 1141 504 1203 Hoeckius
528 1144 552 1214 l,
574 1141 662 1218 349.)
705 1139 884 1200 inseruntur
910 1150 1011 1200 autem
1030 1138 1098 1200 hnic
1119 1138 1282 1200 narrationi
1301 1138 1382 1199 bella
1400 1157 1419 1199 a
1438 1136 1557 1199 Tiberio
1577 1156 1614 1200 ac
1632 1138 1731 1200 Druso
1751 1138 1881 1218 aliisque

275 1256 306 1317 in
327 1255 493 1316 Vindelicia
512 1254 665 1316 Pannonia
686 1254 848 1317 Germania
874 1257 976 1332 gesta,
1007 1254 1103 1315 etita
1122 1253 1309 1327 inseruntur,
1337 1254 1371 1312 ut
1390 1256 1454 1314 tots
1471 1251 1595 1314 historia
1616 1253 1655 1314 ad
1676 1250 1776 1314 Tiberi
1796 1252 1880 1314 uitae

277 1365 505 1452 descriptionem
524 1368 623 1429 redire
642 1368 789 1429 uideatur.

377 1484 420 1546 Vt
438 1488 540 1545 autem
560 1503 610 1558 ea,
631 1502 708 1563 quae
729 1483 870 1563 deinceps
892 1483 931 1543 de
951 1480 1069 1543 Tiberio
1082 1482 1275 1572 paternum,
1306 1484 1389 1542 recte
1408 1469 1636 1568 intelleguntur,
1663 1501 1723 1543 non
1743 1481 1883 1544 Velleius

277 1620 400 1684 prorsus
427 1618 500 1681 prae
525 1597 627 1660 Tacito
661 1597 867 1676 neglegendus
895 1600 943 1656 est
971 1595 1069 1674 (sicuti
1095 1595 1190 1656 suasit
1211 1594 1342 1657 Hessius
1368 1597 1503 1678 prolegg.
1531 1598 1571 1660 ad
1598 1597 1735 1660 Taciturn
1759 1597 1881 1679 [1855]

276 1713 479 1776 XXXXHII
490 1733 518 1773 n
530 1714 592 1778 65.)
604 1713 663 1792 ⁶⁰).
693 1711 805 1772 Contra
822 1730 909 1772 nemo
929 1729 985 1771 nec
1004 1710 1113 1792 poterit
1132 1729 1229 1790 neque
1250 1711 1373 1772 audebit
1383 1711 1473 1771 fidem
1489 1710 1606 1788 Velleio
1618 1712 1770 1788 maiorem,
1790 1730 1885 1794 quam

278 1828 391 1902 Tacite,
411 1827 549 1889 tribuere.
592 1826 629 1887 ld
648 1825 745 1886 solum
772 1825 1023 1906 comprobandum
1045 1824 1165 1885 uidetur
1191 1843 1259 1917 csse
1286 1829 1317 1885 et
1343 1844 1431 1906 posse
1457 1827 1658 1908 comprobari,
1685 1845 1752 1888 eam
1779 1802 1884 1888 Tiberi

278 1962 445 2025 personam,
467 1961 555 2021 quam
574 1940 710 2001 Velleius
727 1939 940 2013 informarent,
960 1959 1019 2000 non
1038 1940 1076 2000 ab
1096 1939 1255 2004 omnifide
1275 1939 1416 2002 historim
1438 1959 1506 2000 esse
1527 1941 1672 2003 alienam·
1706 1941 1784 2003 Nam
1805 1952 1886 2021 quas

219 2101 221 2105 «
279 2077 329 2119 res
348 2055 495 2118 aTiberio
515 2056 679 2138 imperante
699 2073 754 2135 per
774 2073 868 2115 annos
887 2053 1019 2115 sedecim
1041 2054 1155 2135 priores
1176 2059 1280 2133 gestas
1299 2027 1367 2115 esse
1388 2062 1493 2116 narrat
1507 2056 1549 2134 (2,
1565 2056 1654 2133 126),
1675 2057 1886 2119 eaeiacillime

279 2191 321 2232 ex
341 2169 517 2253 ipsoTacito
536 2168 814 2237 confirmantur⁶¹).
848 2167 955 2248 Itaque
974 2188 1032 2229 non
1049 2168 1080 2228 in
1100 2168 1153 2241 eis,
1175 2188 1252 2248 quae
1273 2169 1377 2248 gessit,
1399 2169 1559 2245 sedineis,
1579 2170 1739 2251 exquibus
1749 2172 1886 2252 gessisse

279 2285 407 2359 uidetur,
433 2285 546 2345 caussis
570 2284 614 2345 rei
633 2284 723 2345 cardo
745 2272 880 2344 uertitur.
921 2283 968 2344 Ac
988 2283 1115 2364 primum
1135 2283 1255 2362 quidem
1277 2282 1411 2344 Velleius
1432 2282 1534 2346 Tiberi
1552 2285 1675 2346 militiae
1697 2305 1797 2347 comes
1816 2286 1886 2362 luit,

280 2405 314 2461 ut
325 2386 371 2462 ''ea
388 2401 474 2473 bella,
494 2399 600 2479 quibus
621 2418 754 2458 summus
776 2399 841 2458 eius
854 2397 964 2459 nomini
973 2398 1114 2479 splendor
1125 2399 1304 2473 adferretur,
1328 2418 1472 2480 praesens
1483 2405 1642 2481 spectaret.
1677 2400 1793 2462 Deinde
1811 2399 1886 2462 Vel·

281 2514 356 2574 leius
369 2515 477 2575 librum
498 2513 670 2598 comp-osuit,
691 2512 748 2575 etsi
770 2512 829 2574 iam
850 2518 1002 2591 surgente,
1025 2517 1127 2574 tamen
1145 2514 1276 2574 nondum
1288 2513 1386 2575 omnia
1395 2514 1565 2576 dominante
1577 2513 1693 2590 Seiano,
1715 2533 1734 2576 a
1753 2535 1811 2596 quo
1831 2536 1885 2598 op-

280 2648 384 2711 presso
404 2627 525 2689 Tacitus
545 2628 587 2711 (6,
607 2629 668 2705 57.)
697 2628 812 2688 scelera
833 2627 921 2687 simul
941 2633 973 2689 et
992 2628 1140 2689 dedecora
1160 2636 1264 2710 aperta
1284 2627 1385 2688 Tiberi
1405 2630 1523 2710 repetit.
1567 2629 1706 2706 Accedit,
1734 2630 1813 2710 qnod
1834 2629 1886 2691 Ti·

280 2743 381 2804 berius
406 2743 470 2824 ipse
498 2761 588 2824 saepe
614 2746 731 2823 postea,
752 2762 829 2822 quae
852 2741 907 2802 sibi
927 2761 1034 2803 caussa
1054 2742 1146 2803 iurarit
1167 2742 1289 2821 agendI,
1317 2743 1464 2824 exposuit.
1506 2744 1617 2804 Mirum
1636 2743 1729 2823 igitur
1749 2765 1807 2806 non
1827 2747 1887 2820 est,

280 2858 336 2919 hoc
362 2859 458 2939 ipsum
488 2864 561 2916 uere'
580 2855 697 2917 Tiberio
724 2876 848 2918 caussae
876 2857 968 2917 fuisse
994 2858 1106 2917 rel'erre
1129 2856 1293 2931 Velleium,
1319 2857 1427 2939 quippe
1450 2859 1498 2918 cui
1518 2857 1655 2919 diffidere
1674 2879 1771 2939 neque
1787 2859 1887 2921 aulico

277 2971 397 3047 licuerit
421 2971 559 3053 principi,
585 2990 681 3051 neque
713 2971 798 3031 militi
824 2971 855 3031 in
881 2978 1013 3032 mentem
1040 2971 1156 3032 uenerit
1182 2972 1360 3054 imperatori.
1407 2972 1514 3053 Itaque
1544 2973 1689 3053 siquando
1709 2974 1816 3035 falsam
1836 2975 1885 3037 rei

280 3086 434 3147 cuiusdam
461 3104 598 3147 caussam
619 3086 723 3147 retulit
749 3091 838 3166 atque
866 3086 963 3146 minus
990 3086 1050 3146 alte
1077 3086 1249 3168 repetitam,
1271 3106 1329 3148 nou
1350 3087 1514 3149 adulationi
1535 3088 1672 3149 continuo
1693 3089 1886 3151 tribuendum

281 3203 335 3261 est.
375 3200 480 3261 Potest
505 3203 606 3261 tamen
632 3200 722 3261 etiam
750 3220 831 3274 esse,
865 3205 900 3260 ut
919 3199 1040 3261 Tacitus
1064 3200 1150 3261 nimis
1177 3201 1238 3262 alte
1265 3220 1387 3262 caussas
1412 3201 1523 3282 agendi
1549 3196 1715 3284 repetierit3
1743 3177 1808 3283 quo·
1825 3223 1888 3265 non

280 3335 431 3395 nunquam
451 3315 494 3389 fit,
516 3317 550 3374 ut
569 3314 720 3375 Tiberium
741 3316 795 3375 tali
815 3314 992 3394 cogitatione
1012 3315 1051 3375 ad
1072 3335 1135 3375 rem
1156 3315 1286 3394 aliquam
1306 3317 1471 3394 gerendam
1492 3322 1670 3379 commotum
1690 3336 1759 3378 esse
1772 3323 1885 3394 narret,

281 3429 361 3509 quali
382 3433 559 3490 commotum
580 3448 648 3488 eum
670 3448 737 3489 esse
758 3448 879 3510 prorsus
900 3449 958 3489 non
980 3428 1019 3489 sit
1040 3429 1200 3510 probabile.
1240 3430 1308 3500 Qua
1329 3430 1359 3489 in
1381 3450 1423 3504 re,
1444 3430 1474 3491 id
1494 3431 1574 3510 quod
1595 3430 1762 3493 Sieuersius
1783 3433 1885 3494 multis

281 3544 353 3606 locis
373 3543 591 3616 animaduertit,
612 3544 745 3604 omittam
764 3543 938 3623 disquirere,
960 3543 1039 3603 unde
1055 3543 1108 3606 illa
1127 3542 1230 3604 intima
1251 3543 1401 3604 Tiberiani
1423 3544 1513 3605 animi
1533 3545 1661 3624 cognitio
1687 3546 1885 3609 descenderit

281 3658 359 3720 Nam
385 3679 452 3719 cum
480 3658 653 3740 saepissime
674 3656 795 3719 Tacitus
823 3658 866 3717 eis
893 3656 1043 3719 Tiberium
1073 3657 1235 3739 impulsum
1260 3678 1328 3718 esse
1352 3663 1471 3734 narret,
1509 3657 1675 3739 quaecum
1695 3661 1796 3722 uerbis
1822 3663 1888 3724 eius

282 3773 458 3853 grauissime
480 3780 622 3853 pugnent,
644 3790 769 3852 cumque
791 3772 893 3845 addat,
912 3777 1033 3853 praeter
1049 3771 1190 3833 Seianum
1211 3772 1320 3832 nemini
1337 3772 1421 3833 illum
1442 3773 1572 3853 cogitata
1586 3774 1756 3855 aperuisse:
1776 3781 1829 3838 aut
1845 3794 1888 3839 ex

282 3907 360 3948 nano
380 3906 498 3947 rumore
519 3885 647 3965 cognitio
667 3885 719 3945 illa
738 3885 845 3946 hausta
866 3893 926 3961 est,
948 3885 995 3946 cui
1017 3885 1059 3944 nil
1077 3905 1149 3946 sane
1171 3887 1302 3947 tribuere
1324 3860 1415 3950 debet
1434 3888 1530 3970 iustus
1549 3910 1650 3951 rerum
1669 3889 1812 3973 scriptor,
1834 3895 1889 3953 aut

283 4021 324 4062 ex
344 4021 459 4061 morum
472 3999 572 4062 Tiberi
592 3999 764 4061 admirabili·
779 4001 908 4081 quadam
928 3999 1065 4074 scientia;
1088 4020 1147 4081 qua
1169 4001 1266 4082 decipi
1281 4023 1368 4084 posse
1380 4022 1458 4079 eum,
1480 4005 1530 4085 qui
1544 4005 1632 4066 nimis
1647 4005 1675 4067 ei
1695 4006 1778 4082 fidat,
1799 4024 1888 4067 nemo

283 4126 342 4177 non
364 4115 454 4174 uidet.
494 4113 636 4175 Attamen
657 4116 782 4194 utraque
802 4133 836 4174 re
856 4133 928 4175 usus
948 4115 1068 4174 uidetur
1090 4113 1219 4175 Tacitus.
1255 4116 1355 4196 Atque
1368 4118 1484 4180 omnino
1503 4120 1608 4199 negari
1619 4139 1679 4180 non
1690 4124 1798 4201 potest,
1817 4138 1888 4181 eum

284 4249 377 4313 prauo
404 4229 533 4310 impulsu
549 4227 699 4289 Tiberium
725 4228 818 4289 multo
848 4227 964 4288 facilius
992 4247 1079 4288 usum
1106 4247 1174 4288 esse
1201 4229 1358 4311 suspicari,
1385 4252 1474 4312 quam
1492 4236 1584 4309 bono,
1612 4238 1659 4310 ut,
1684 4235 1774 4296 etiam
1795 4234 1890 4297 sicubi

284 4363 333 4405 res
358 4344 388 4404 in
414 4343 527 4402 incerto
548 4342 701 4422 relinquit,
725 4345 826 4403 tamen
849 4341 934 4423 peius
963 4341 1060 4424 potius
1088 4363 1177 4422 quam
1204 4343 1311 4405 melius
1332 4350 1465 4407 statuere
1483 4368 1632 4428 cogamur.
1681 4349 1798 4420 Quibus
1817 4352 1888 4411 ante

284 4459 370 4520 dictis
386 4477 436 4518 res
454 4457 536 4538 ipsas
557 4457 697 4517 breuibus
718 4457 947 4517 consideremus.

385 4647 426 4707 5’)
446 4646 527 4703 Quam
549 4644 639 4708 frigide
663 4648 738 4709 atque
756 4643 840 4695 uerbis
857 4648 904 4707 „ut
921 4642 1122 4716 uunt‘ssauditis
1140 4642 1256 4695 laudasse
1274 4643 1402 4696 Velleium
1420 4652 1503 4697 censet
1520 4647 1685 4700 Ruhnksnius
1706 4652 1780 4715 380„
1809 4666 1841 4701 ns
1859 4652 1888 4703 in

284 4732 370 4784 Tiberi
390 4732 553 4782 offensionem
574 4732 749 4785 incurreretur.
796 4731 845 4782 Sed
863 4746 913 4797 quo
936 4729 1011 4780 modo
1029 4730 1145 4781 'libarius
1165 4730 1282 4782 laudibus
1302 4730 1467 4783 adulescentis
1487 4733 1632 4787 iamdudum
1650 4727 1776 4788 demortui
1792 4737 1887 4790 offendi

283 4819 406 4887 potuerit,
426 4835 476 4869 non
495 4818 658 4882 intellegitur.
695 4819 761 4870 Viuo
781 4818 847 4868 anim
869 4816 983 4884 Agrippa
1008 4833 1095 4882 nemo,
1112 4832 1238 4868 successor
1257 4817 1409 4884 designatus,
1429 4821 1540 4884 Tiberio,
1557 4822 1600 4873 sed
1622 4824 1749 4891 Agrippae
1765 4826 1888 4892 prusiani

284 4911 423 4963 uidebatur.
442 4911 491 4960 Dio
510 4914 552 4972 54,
574 4912 598 4962 6.
617 4910 747 4961 Hosclrius
765 4912 825 4962 ati.
1878 4956 1883 4967 ,

383 4999 425 5061 ⁸⁰)
445 4998 483 5047 Ns
502 4997 640 5047 Sisuersius
657 4996 758 5062 quidem
776 4997 888 5062 (Tacitus
907 5002 933 5047 et
944 4995 1068 5055 Tiberius)
1093 5000 1115 5060 1,
1126 4999 1171 5046 5⁸.
1191 4995 1288 5048 Velleio
1305 4998 1378 5049 fldem
1396 4996 1484 5050 baberi
1503 4997 1567 5060 uolt,
1586 5002 1662 5063 stqns
1679 4998 1809 5063 antiquam
1827 4997 1892 5051 adu·

283 5085 386 5135 lationis
405 5085 614 5157 uituperationeur
630 5084 686 5150 plus
703 5083 781 5134 semel
796 5083 824 5132 in
840 5099 897 5132 aum
914 5082 974 5132 iacit
991 5086 1027 5148 (ιι.
1044 5096 1064 5132 o.
1086 5086 1108 5144 1,
1128 5083 1169 5132 24.
1188 5081 1304 5147 inprimis
1322 5087 1347 5147 2,
1363 5085 1425 5149 ab).

390 5173 432 5237 σι)
456 5170 570 5222 Conferri
588 5174 708 5238 possum,
727 5170 749 5220 si
767 5170 832 5219 tanti
851 5174 903 5232 est,
922 5184 977 5219 oum
992 5169 1099 5234 singulis
1117 5168 1199 5219 Vellei
1216 5168 1354 5221 samnitis
1372 5171 1471 5235 singula
1489 5170 1571 5222 Taciti
1589 5171 1716 5222 annalium
1738 5173 1834 5239 capita:
1867 5177 1890 5234 1,

286 5260 1714 5324 mammamamuemamamsmaamaaamamam
