4320 5902
1093 533 1142 616 26

322 710 376 772 eir.
397 708 476 770 Plut
499 708 570 768 Luc.
592 708 640 783 36,
662 709 692 770 3.
718 715 762 792 spi
787 705 846 792 yde
875 705 942 775 iim
968 705 1026 790 ssia
1050 711 1170 774 isrleea
1196 706 1399 789 [nepesine]
1429 715 1613 791 στρατηγίαν
1633 713 1797 773 circuires
1819 708 1920 789 [Aee-

323 823 468 904 amoos]
491 823 612 904 πράξεις
630 821 831 906 ὶκόσμησαν),
856 829 959 884 tamen
978 822 1122 883 Lucullus
1147 827 1230 906 certe
1250 822 1361 883 bellum
1382 822 1527 882 adfinem
1549 823 1715 904 perducere
1736 841 1795 883 nen
1816 822 1920 904 potuit.

323 939 497 1000 Intermisee
523 937 631 998 deiude
659 937 784 999 triennio
805 936 948 997 Lucullus
970 938 1172 1018 triumphauit
1215 936 1274 1007 Qui
1299 937 1467 1018 triumphus
1485 941 1521 997 ut
1542 942 1686 1016 ageretur
1704 937 1826 997 tandem
1847 936 1922 1018 epli-

322 1061 418 1114 nrates
438 1053 572 1114 adsecuti
593 1058 671 1114 sunt.
712 1052 790 1114 Nam
813 1053 941 1115 Senatus
961 1052 1120 1113 Lucullum
1137 1057 1172 1113 et
1186 1053 1341 1114 Metellum
1363 1052 1533 1113 firmissima
1553 1056 1656 1113 centra
1675 1050 1848 1134 Pompeium
1868 1051 1921 1113 ad·

321 1168 460 1229 minieula
479 1187 548 1229 esse
567 1169 750 1251 opinabatur.
783 1168 855 1250 Ipse
875 1187 948 1229 uero
967 1168 1094 1250 populus
1113 1186 1152 1227 ne
1170 1167 1311 1249 triumphi
1332 1167 1451 1246 quidem
1464 1167 1685 1246 magnificentia
1700 1168 1848 1227 adductus
1863 1168 1920 1242 est,

322 1284 356 1344 ut
374 1282 500 1344 Luculle
523 1284 641 1344 lauerat
662 1284 865 1362 (Drumannns
882 1289 909 1359 4,
932 1285 1018 1362 133.)
1050 1283 1125 1345 -Non
1151 1283 1244 1362 igitur
1268 1283 1459 1364 perspicuum
1485 1282 1534 1357 fit,
1561 1303 1619 1362 que
1638 1283 1726 1343 mede
1746 1283 1826 1364 apud
1846 1280 1921 1362 epti·

322 1416 402 1458 mum
423 1417 570 1477 quemque
592 1399 708 1460 Luculli
727 1404 759 1460 et
778 1400 893 1461 Metelli
917 1401 1100 1481 triumphum
1120 1399 1241 1481 Pompei
1263 1399 1373 1459 inuidia
1394 1398 1589 1459 fauorabilem
1606 1398 1718 1458 sactum
1737 1416 1805 1457 esse
1826 1395 1921 1478 possit

322 1512 381 1572 diei
402 1513 440 1590 (Ἰ.
463 1514 518 1588 34,
538 1515 557 1573 'I
579 1520 611 1574 et
630 1516 678 1591 3.).
717 1515 834 1576 Etenim
861 1510 920 1576 iarn
948 1522 1037 1577 antea
1062 1517 1219 1598 optimates
1246 1515 1290 1575 eis
1316 1516 1472 1589 leucham,
1503 1513 1662 1595 populares
1683 1512 1734 1573 uel
1753 1515 1858 1594 pestes
1878 1511 1922 1571 in-

323 1627 392 1687 festi
410 1635 504 1687 erant.

291 808 306 839 S

1074 1849 1166 1912 xm.

428 2010 577 2073 Ciceronis
597 2011 775 2093 Catonisque
794 2013 914 2092 ingenia
933 2014 1032 2095 qualia
1055 2016 1166 2075 suerint
1186 2035 1226 2074 ex
1243 2012 1342 2073 Vellei
1363 2013 1532 2076 narratione
1554 2014 1592 2093 (2.
1614 2014 1669 2086 34,
1690 2013 1716 2074 3.
1745 2011 1799 2084 66,
1821 2011 1848 2072 3.
1871 2011 1919 2085 35,

327 2127 350 2185 l.
371 2127 419 2199 45,
439 2127 537 2205 5.)²⁸)
562 2126 674 2187 frustra
700 2127 871 2189 conabimur
899 2128 1074 2190 instaurare.
1123 2126 1249 2209 Vtrique
1279 2129 1358 2188 eninr
1383 2128 1524 2211 splendor
1551 2127 1747 2188 circumfusus
1768 2129 1849 2201 erat,
1877 2123 1921 2185 rui

323 2239 516 2320 eloquentiae,
536 2241 604 2301 huic
631 2241 822 2316 constantiae,
843 2248 876 2303 ut
897 2243 962 2303 fieri
980 2263 1039 2303 nen
1060 2248 1175 2326 posset,
1198 2242 1268 2323 quin
1290 2244 1328 2303 ab
1347 2243 1390 2303 eis
1412 2242 1616 2317 laudarentur,
1637 2241 1687 2322 qui
1706 2261 1764 2302 nen
1782 2240 1833 2300 diu
1853 2242 1921 2322 pest

322 2359 447 2416 mertem
470 2375 572 2415 cerum
594 2361 703 2416 essent.
736 2356 804 2428 Qua
823 2376 864 2416 ex
886 2378 918 2417 re
939 2357 1080 2438 sequitur,
1101 2357 1234 2420 Ciceroni
1260 2357 1386 2418 maiores
1407 2355 1556 2417 Velleium
1574 2357 1604 2417 in
1625 2355 1777 2438 republica
1798 2354 1921 2415 admini-

323 2469 446 2529 stranda
465 2475 567 2550 partes
588 2470 728 2544 trdruere,
749 2490 838 2550 quam
858 2471 945 2532 hodie
965 2469 1067 2532 multis
1089 2472 1188 2551 egisse
1211 2471 1337 2546 uidetur,
1357 2476 1388 2531 et
1408 2457 1505 2551 magis
1524 2471 1587 2531 eius
1602 2471 1745 2531 rationem
1759 2469 1920 2532 Caesarem

323 2583 471 2656 habuisse,
493 2603 582 2663 quam
602 2587 684 2645 tante
705 2585 769 2645 uire
789 2585 819 2645 in
839 2585 990 2646 tantillum
1010 2587 1133 2664 dignum
1151 2606 1218 2645 esse
1240 2585 1364 2646 ducitur.
1394 2587 1495 2665 Atque
1514 2605 1551 2646 ea
1573 2585 1691 2665 quidem
1712 2584 1819 2658 exeis,
1842 2603 1919 2664 quae

323 2698 449 2779 primum
476 2697 695 2759 triumuiratum
722 2698 856 2760 insecuta
884 2705 965 2774 sunt,
1002 2700 1102 2760 statim
1127 2706 1296 2760 cernuntur.
1336 2700 1422 2771 Quae
1448 2705 1549 2761 autem
1572 2700 1610 2760 de
1632 2699 1770 2762 Caesaris
1802 2698 1920 2778 ingenie

323 2811 458 2873 Velleius
480 2818 597 2888 narrat,
624 2833 661 2874 ea
681 2814 723 2875 ita
750 2833 824 2873 uera
846 2818 930 2887 suut,
963 2819 996 2874 ut
1017 2812 1240 2875 uniuersaeius
1262 2814 1352 2875 animi
1368 2814 1482 2876 indoles
1503 2835 1560 2875 nen
1584 2792 1919 2897 comprehenderem).

323 2925 500 3007 Quanquam
531 2934 631 2988 autem
652 2927 811 2990 Caesarem
836 2947 894 2988 nen
919 2928 962 2988 ita
986 2931 1057 3010 pute
1084 2930 1248 3010 perfectum
1269 2949 1308 2988 ex
1331 2929 1409 2989 emrri
1429 2933 1515 3010 parte
1536 2929 1643 3005 fuisse,
1675 2935 1709 2990 ut
1729 2949 1829 2989 rerum
1850 2927 1920 2988 scri·

322 3043 455 3125 pleribus
474 3041 667 3103 admirandus
686 3042 733 3117 sit,
755 3062 814 3103 nen
839 3042 1052 3103 describendus
1073 3042 1297 3122 (Mommsenius
1310 3043 1338 3116 3,
1350 3043 1440 3121 448),
1457 3046 1558 3104 tamen
1580 3043 1699 3104 difficile
1720 3043 1776 3104 fuit
1797 3042 1921 3103 definire

321 3154 400 3216 illius
428 3157 557 3216 animum
584 3156 624 3231 ei,
646 3155 695 3236 qui
720 3155 907 3217 admirationi
936 3157 1091 3236 indulgere
1114 3157 1213 3217 uellet.
1257 3156 1363 3237 Itaque
1384 3177 1458 3238 quas
1481 3178 1606 3237 magnas
1628 3157 1657 3218 in
1677 3158 1808 3220 Caesare
1828 3158 1920 3218 luisse

424 3360 465 3423 η)
485 3362 509 3409 8.
529 3363 572 3422 43,
592 3364 616 3416 5.
639 3361 732 3426 legitur
753 3361 779 3410 in
800 3361 910 3411 editione
928 3361 1050 3428 principe:
1082 3365 1151 3410 caius
1169 3364 1333 3423 intepentem
1355 3365 1462 3411 laudare
1482 3363 1557 3424 nesae
1573 3372 1617 3413 est.
1653 3362 1726 3418 Qned
1744 3378 1799 3411 cum
1817 3362 1920 3428 Lipsius

323 3445 659 3516 defenderithlluhukeuius
676 3466 701 3514 p.
721 3451 780 3501 823.
804 3449 895 3498 woieit
911 3453 980 3499 baad
996 3453 1113 3510 mederi,
1133 3447 1246 3498 Kritsius
1267 3454 1292 3498 et
1309 3448 1427 3499 Halmius
1445 3447 1533 3512 legunt
1549 3453 1625 3500 laede
1637 3451 1771 3512 fraudas-i.
1808 3449 1857 3500 Sed
1875 3450 1921 3502 Li·

323 3533 410 3599 psiunu
431 3533 495 3583 ratio
512 3534 575 3584 mibi
592 3534 693 3586 uidetur
711 3536 813 3602 optima.
850 3535 918 3585 Dicit
936 3536 1002 3584 enim
1020 3535 1141 3596 Velleius,
1158 3549 1213 3584 eum
1234 3534 1304 3585 nulla
1321 3535 1395 3585 nude
1414 3535 1475 3585 satis
1495 3535 1577 3586 suerri
1599 3536 1679 3601 pessit
1695 3537 1797 3586 Catenis
1816 3537 1921 3601 integri-

322 3625 374 3679 tas,
400 3619 469 3669 nefas
495 3636 561 3682 esse,
590 3621 668 3686 siquis
692 3621 765 3672 laude
783 3621 815 3672 ad
834 3638 888 3672 eam
907 3620 1097 3672 deminuenduur
1116 3620 1186 3670 abuti
1207 3621 1277 3670 uelit.
1325 3621 1354 3670 In
1372 3621 1528 3686 expeditione
1547 3639 1607 3673 uere
1626 3624 1717 3689 Cypria
1735 3625 1788 3689 ipse
1807 3625 1920 3676 Velleius

322 3723 379 3757 eum
402 3705 477 3757 solito
505 3706 610 3759 ulterim
626 3708 775 3774 precessisse
799 3709 894 3759 statuit
942 3706 1016 3764 Quod
1034 3722 1083 3772 que
1102 3706 1177 3758 mode
1194 3707 1357 3757 Ruhnkenius
1375 3723 1404 3757 ex
1423 3708 1506 3758 uerbis
1524 3708 1582 3758 elici
1600 3726 1650 3760 nen
1667 3726 1741 3775 pesse
1760 3709 1842 3774 dicat,
1870 3727 1921 3762 nen

322 3794 450 3858 intellege.
486 3795 579 3846 Cocus
602 3810 666 3861 quae
683 3796 736 3861 ipsc
753 3795 829 3846 infert
846 3794 884 3845 nil
901 3794 993 3846 nalem.
1029 3795 1095 3844 Nam
1112 3793 1135 3844 si
1153 3794 1265 3844 Velleius
1284 3795 1403 3845 Catonem
1423 3795 1575 3846 laudandum
1593 3813 1645 3847 esse
1664 3796 1765 3859 diceret,
1791 3798 1922 3864 cumipse

323 3881 493 3946 integritatem
511 3881 565 3930 eius
584 3897 634 3932 nen
653 3882 821 3948 praedicaret,
841 3881 879 3932 nil
896 3881 951 3931 sani
971 3896 1044 3944 agere
1062 3879 1196 3932 uideretur.
1247 3881 1303 3938 Quo
1322 3888 1403 3931 tamen
1423 3899 1499 3948 usque
1519 3884 1620 3935 Catenis
1639 3884 1770 3948 integritas
1788 3885 1815 3934 in
1840 3887 1922 3952 Cypro

322 3967 477 4035 precesserit,
497 3973 526 4018 ut
543 3983 573 4017 ne
592 3969 679 4019 amieis
696 3967 955 4039 quidem-cenflderet,
976 3970 1078 4016 narrant
1094 3967 1244 4017 Plutarchus
1266 3968 1321 4020 Cat.
1343 3970 1385 4031 31,
1405 3972 1428 4019 2.
1448 3972 1490 4031 38,
1514 3976 1535 4022 1.
1555 3972 1715 4022 Drumaunua
1736 3975 1760 4034 2,
1780 3974 1839 4022 268.

424 4056 467 4117 ¹⁹)
484 4055 543 4105 Neu
569 4056 641 4106 nulla
667 4056 693 4105 in
714 4055 826 4107 Caesaris
852 4055 984 4105 iuuentute
1007 4053 1169 4104 describenda
1195 4054 1322 4120 Sauppiirs
1345 4058 1401 4110 182.
1428 4057 1620 4121 animaduertit,
1646 4073 1711 4124 qnae
1735 4073 1792 4110 cum
1811 4059 1920 4111 nerim

323 4157 434 4209 pugnare
452 4140 577 4192 uidentur.
623 4143 752 4193 Caesarem
772 4142 839 4192 anim
856 4157 906 4192 nen
924 4140 1054 4207 probabile
1075 4146 1123 4203 est,
1142 4147 1200 4191 aute
1220 4141 1306 4192 Sullae
1324 4148 1462 4195 mortenia
1483 4144 1572 4210 piratis
1589 4150 1688 4210 captum
1707 4162 1761 4196 esse
1779 4149 1814 4210 (8.
1832 4149 1876 4208 48,
1896 4151 1923 4200 1.

323 4229 367 4279 eir.
385 4229 454 4281 Plut.
472 4229 576 4292 Caesi,
591 4229 634 4294 1.).
670 4229 720 4280 Sed
738 4229 826 4280 Iunius
844 4228 962 4289 Silanus,
979 4227 1114 4293 Bithyniae
1132 4227 1268 4293 proconsul
1287 4229 1373 4294 paneis
1390 4231 1462 4282 anuis
1480 4237 1537 4298 pest
1554 4232 1604 4283 Iuit
1622 4233 1791 4294 (Drumaunus
1805 4236 1831 4296 3,
1851 4236 1923 4301 138),

323 4320 446 4387 adquam
471 4319 561 4370 dicim
577 4337 609 4370 ex
628 4321 787 4385 muigatiene
805 4338 832 4371 aa
850 4318 992 4374 contulisse.
1040 4318 1231 4370 Nihilominus
1249 4335 1299 4369 nen
1316 4334 1418 4385 prorsus
1437 4324 1520 4385 petest
1538 4318 1599 4370 haee
1616 4335 1656 4370 res
1672 4319 1704 4369 ad
1722 4319 1846 4385 liquidnm
1863 4336 1923 4387 per-

323 4408 388 4461 duci.
424 4409 490 4459 Nam
508 4416 534 4457 et
553 4413 629 4459 testas
646 4414 712 4468 sunt,
730 4409 774 4473 qui
793 4409 923 4460 Caesarem
940 4405 1083 4456 ιοάοιιιιῐειιι
1100 4405 1265 4457 aNieemede
1283 4412 1381 4472 captum
1400 4423 1453 4457 esse
1469 4406 1623 4470 adsererent,
1642 4413 1668 4458 et
1684 4407 1733 4458 dne
1747 4408 1838 4459 itinera
1847 4409 1922 4461 Asia·

323 4497 372 4548 tica
394 4496 468 4546 facilc
491 4495 644 4545 eemmmceri
668 4501 791 4562 petemut
808 4490 842 4533 '-
869 4493 963 4545 Deinde
983 4494 1010 4543 in
1027 4510 1057 4544 ee
1074 4494 1200 4545 Velleium
1218 4494 1324 4560 turpiter
1342 4510 1437 4545 errasse
1455 4493 1516 4544 dicit
1533 4495 1724 4560 Pepma·895.,
1745 4496 1812 4560 qued
1832 4495 1865 4547 ad
1880 4497 1924 4549 ins

323 4584 453 4650 dignitatis
476 4583 670 4648 prescriptorum
694 4584 760 4656 filies
777 4584 808 4633 ab
826 4582 906 4632 aedile
926 4583 1031 4633 Caesare
1050 4582 1179 4633 restitutos
1198 4598 1250 4632 esse
1268 4588 1352 4631 narret
1377 4584 1411 4645 (2.
1432 4583 1475 4634 43.
1494 4582 1538 4645 4.).
1575 4582 1624 4632 Sed
1642 4598 1691 4632 neu
1709 4582 1803 4634 absens
1821 4584 1923 4638 uidetur

323 4671 462 4724 Burmanni
483 4670 635 4729 coniectum
664 4670 722 4734 qui,
744 4686 800 4719 eum
820 4670 905 4720 Cieere
932 4669 959 4718 in
978 4669 1123 4733 consulatu,
1141 4673 1171 4720 ut
1191 4669 1323 4735 prescripti
1339 4674 1516 4720 resecarentur
1536 4669 1690 4722 dissuaderet
1708 4673 1876 4736 (Drnmanuus
1895 4676 1922 4741 b,

322 4758 401 4823 437),
420 4760 549 4808 Caesarem
566 4754 597 4806 de
614 4772 643 4805 aa
661 4773 686 4805 re
703 4756 754 4806 iam
771 4760 845 4806 antea
862 4755 984 4817 cogitasse
1002 4749 1142 4820 suspicatur
1187 4754 1236 4806 Sed
1256 4753 1369 4806 Velleius
1387 4754 1547 4818 neglegenter
1563 4756 1635 4806 illam
1653 4773 1705 4807 rem
1720 4757 1770 4808 iam
1789 4763 1849 4808 tune
1864 4775 1921 4825 per-

322 4847 413 4898 lectam
431 4860 483 4894 esse
501 4848 582 4909 putat.
605 4871 633 4880 -
655 4842 767 4908 Denique
789 4843 918 4893 Caesarem
937 4841 1063 4891 flaminem
1083 4840 1180 4892 Dialem
1199 4843 1276 4893 fnisse
1296 4844 1330 4906 (8.
1348 4844 1391 4902 43,
1412 4842 1445 4906 1.)
1469 4848 1625 4906 negauerunt
1640 4844 1753 4909 plerique
1774 4846 1854 4896 secuti
1872 4847 1923 4898 'Ia-

323 4935 409 4997 eitum,
426 4947 483 4986 aun.
494 4932 520 4994 3,
530 4932 580 4992 38,
597 4929 641 4994 qui
660 4935 718 4994 pest
729 4930 841 4981 Merulae
860 4936 965 4979 mertem
976 4929 1081 4980 LXXV.
1090 4945 1168 4980 annos
1189 4934 1255 4996 (uam
1265 4931 1303 4980 ita
1311 4944 1367 4980 eum
1374 4929 1536 4980 Lacbmauuo
1547 4930 1680 4995 legendum
1690 4936 1736 4981 est.
1755 4931 1799 4982 eir.
1812 4933 1923 4999 Nipper-

324 5022 394 5074 deias
414 5037 440 5086 p.
455 5019 522 5080 188.)
541 5017 663 5067 nemiuem
684 5017 760 5068 luisse
777 5017 903 5067 flaminem
923 5015 991 5065 dicit
1028 5017 1099 5073 Quae
1119 5032 1159 5067 ras
1176 5017 1214 5068 ita
1232 5033 1289 5068 eum
1307 5017 1452 5067 Drnmanne
1471 5015 1590 5068 facillime
1609 5017 1762 5083 expediatur,
1782 5026 1811 5070 ut
1831 5021 1921 5072 Caesa·

323 5125 376 5160 ram
399 5107 523 5157 flaminem
544 5104 715 5169 designatum,
743 5102 786 5154 sed
808 5119 855 5153 neu
880 5103 1057 5165 inauguratum
1074 5119 1128 5154 esse
1146 5109 1285 5155 statuamus
1303 5104 1338 5167 (3,
1358 5103 1471 5167 law.)
1490 5103 1607 5155 Nerisius
1628 5109 1711 5155 autem
1731 5106 1801 5169 (Ceu.
1821 5108 1874 5160 Pis.
1887 5126 1913 5173 p.

327 5198 375 5247 118
387 5195 427 5255 Γ.)
446 5193 539 5242 iniuste
557 5208 573 5242 a
590 5192 734 5242 Drumsnne
752 5189 949 5256 reprehenditur,
968 5189 1035 5254 quod
1053 5189 1191 5242 flaminium
1209 5196 1236 5241 et
1251 5189 1423 5257 pontificatum
1440 5189 1530 5242 misera
1540 5189 1688 5241 confuderit.
1723 5193 1844 5244 Nondum
1856 5195 1924 5246 euim

323 5280 398 5348 Lipsi
415 5280 583 5330 coniecturam
601 5282 636 5346 (p.
656 5279 728 5342 898.)
747 5284 805 5328 ante
823 5279 907 5328 ocules
926 5276 1090 5342 habuitque
1107 5278 1152 5328 lux
1171 5276 1270 5329 demum
1286 5276 1346 5329 huie
1364 5277 1419 5328 lece
1435 5278 1590 5329 marmorato
1608 5276 1693 5330 adlata
1712 5286 1758 5331 est.
